3488 5272
243 315 306 375 422
617 296 811 370 Ann01473.
836 328 879 336 —
903 309 953 370 23.
969 295 1120 369 J‘anuarii.

239 508 412 569 bendarius
445 506 532 567 chori
565 505 698 566 ecclesie
731 504 946 585 zagrabiensis
982 521 1072 563 suam
1107 501 1174 563 fore
1208 502 1345 582 dicebat,
1378 523 1441 584 que
1466 506 1508 565 ab

240 614 352 676 eadem
378 634 477 674 uxore
505 612 604 693 ipsius
623 612 720 672 Marci
755 612 913 671 subtracta
940 608 1008 688 luit,
1032 623 1062 669 et
1094 623 1140 670 est
1163 610 1305 671 restituta
1331 610 1390 692 ipsi
1416 611 1507 672 uxori

239 720 337 782 Marci
368 717 580 800 Gwrakoych.

344 825 421 887 ltem
449 844 576 886 causam
595 824 677 884 inter
702 843 833 884 uxorem
855 821 940 884 Galli
960 821 1130 904 Kudelych
1156 836 1186 883 et
1211 823 1422 904 Pangracium
1444 844 1508 884 sar·

236 947 339 994 torem
365 932 491 992 racione
516 931 644 991 termini
671 930 816 1011 parcium
842 930 959 989 domus
991 948 1058 1006 sue,
1081 949 1177 1010 super
1209 949 1274 1010 quo
1299 929 1394 991 habet
1418 931 1504 992 teeti·

237 1039 358 1115 monia,
391 1036 478 1118 quod
512 1036 717 1096 medietatem
751 1035 834 1096 dicte
867 1034 983 1096 domus
1018 1034 1118 1096 lassus
1148 1033 1208 1097 fuit
1241 1035 1363 1117 Symon
1398 1037 1505 1118 Sypek

237 1145 322 1206 filius
346 1144 492 1204 Barnabe
518 1157 548 1203 et
573 1141 719 1202 vendidit
744 1160 841 1201 unam
867 1156 1012 1221 quartam
1047 1156 1079 1203 et
1103 1162 1199 1202 unam
1227 1156 1372 1204 octavam
1398 1143 1506 1225 propi-

237 1251 324 1311 navit
348 1250 408 1310 sibi
433 1254 541 1329 Agnes
567 1267 698 1309 consors
723 1247 866 1308 eiusdem
893 1247 1009 1307 inillis
1034 1247 1163 1328 pacifice
1189 1262 1365 1329 permanet,
1390 1263 1422 1309 et
1447 1268 1505 1331 pro

242 1376 303 1416 una
329 1369 439 1416 octava
465 1355 503 1414 ad
530 1373 625 1434 quam
652 1373 715 1414 non
743 1353 837 1413 habet
859 1368 954 1414 testes
979 1353 1105 1432 eriora,
1131 1353 1210 1414 illud
1236 1353 1351 1414 docere
1376 1368 1505 1417 tenetur

239 1477 269 1524 et
293 1462 437 1523 invenire
462 1475 526 1521 tam
553 1461 619 1542 ipse
644 1460 808 1538 Pongracz
833 1479 929 1540 quam
949 1474 979 1520 et
999 1479 1078 1520 uxor
1102 1459 1246 1520 eiusdem
1273 1457 1358 1520 Galli
1384 1460 1507 1540 siquid

237 1568 401 1630 concernit
425 1566 560 1628 eandem
587 1567 617 1626 in
645 1566 755 1626 eadem
783 1566 881 1627 domo
907 1567 937 1626 in
965 1567 1030 1647 ipsa
1056 1581 1186 1642 octava;
1211 1581 1241 1626 et
1265 1567 1393 1626 racione
1420 1567 1507 1628 illius

239 1673 355 1749 fenilis,
380 1673 467 1753 quod
494 1673 559 1754 ipse
586 1671 698 1732 Gallus
724 1673 938 1752 prosequitur,
964 1673 1050 1752 quod
1083 1673 1214 1732 deberet
1239 1671 1355 1732 habere
1381 1672 1507 1753 porcio·

240 1800 312 1840 nem
339 1800 418 1839 uxor
443 1779 600 1855 eiusdem,
626 1779 692 1859 ipse
719 1779 882 1857 Pongracz
915 1779 1011 1840 habet
1043 1779 1110 1856 jura
1136 1777 1223 1858 quod
1250 1778 1337 1855 emit,
1362 1792 1393 1838 et
1417 1777 1506 1838 aliud

242 1885 338 1948 fenile
363 1884 481 1946 estfilii
512 1885 683 1966 propinati,
712 1884 777 1965 ipse
810 1883 922 1945 Gallus
951 1904 1014 1944 non
1033 1883 1128 1944 habet
1144 1884 1294 1965 prosequi
1313 1903 1348 1943 ac
1366 1884 1506 1944 eundem

244 1993 439 2072 inquietare3
465 1991 578 2052 Gallus
603 1990 777 2071 appellavit
801 1990 840 2049 ad
865 1991 1005 2050 seniores
1030 1989 1165 2050 eandem
1190 2009 1328 2050 causam.

345 2098 422 2158 ltem
449 2116 575 2157 causam
602 2097 683 2157 inter
709 2096 943 2175 Margaretham
968 2097 1216 2177 propinatricem
1242 2096 1307 2156 vini
1343 2094 1503 2157 inhabita-

238 2205 350 2267 tricem
376 2203 458 2263 dicte
496 2203 631 2262 civitatis
657 2215 686 2261 et
711 2203 792 2262 inter
818 2201 1015 2282 Stephanum
1045 2202 1193 2282 plathnar
1218 2216 1248 2262 et
1272 2202 1394 2262 socium
1421 2201 1504 2263 eius·

238 2311 323 2388 dem,
348 2307 439 2389 jurati
465 2307 741 2386 adjudicaverunt,
775 2308 862 2387 quod
889 2309 954 2388 ipsa
989 2308 1188 2388 Margaretha
1213 2307 1315 2386 jurare
1340 2308 1504 2369 tenebitur

240 2417 270 2476 in
296 2435 349 2475 ara
381 2429 487 2474 sancte
520 2413 633 2474 Crucis
657 2412 734 2474 feria
766 2429 850 2475 sexta
884 2415 1027 2495 proxime
1061 2428 1205 2491 ventura,
1237 2413 1325 2494 quod
1358 2415 1424 2494 ipsa
1451 2414 1506 2475 illa

239 2519 332 2581 vadia
357 2538 421 2580 non
447 2539 505 2598 pro
531 2519 643 2596 majori
669 2521 807 2601 suscepit
829 2521 887 2579 nisi
913 2540 971 2600 pro
996 2521 1123 2600 quantis
1142 2519 1236 2581 vendi
1263 2534 1448 2600 potuerunt,
1474 2535 1505 2581 et

239 2626 316 2686 dum
341 2625 457 2704 jurabit
482 2639 557 2684 tunc
583 2626 640 2706 ipsi
668 2626 748 2686 illud
782 2626 979 2707 superfluum
1010 2627 1114 2687 eidem
1148 2627 1273 2687 solvere
1297 2628 1503 2689 tenebuntur.

345 2732 421 2791 Item
447 2750 574 2791 causant
594 2732 674 2791 inter
697 2732 831 2792 Paulum
851 2733 1058 2812 jobagionem
1075 2733 1163 2793 Pauli
1190 2730 1342 2793 aurifabri
1361 2746 1392 2793 et
1414 2732 1504 2793 Tho·

238 2857 323 2897 mam
349 2837 477 2896 fratrem
504 2837 646 2897 eiusdem
666 2839 793 2898 racione
818 2840 1011 2899 seccacionis
1030 2840 1195 2900 cuiusdam
1222 2839 1311 2898 nucis
1341 2838 1502 2920 Vodopie‚

240 2946 335 3004 ambo
359 2944 477 3003 debent
509 2945 642 3019 solvere,
676 2946 750 3023 quia
785 2944 843 3006 luit
875 2946 979 3006 eidem
1013 2946 1118 3006 socius
1152 2946 1181 3004 in
1208 2945 1393 3005 seccacione
1418 2946 1503 3006 eius-

238 3051 310 3110 dem
337 3052 436 3112 nucis.

344 3158 419 3216 ltem
448 3159 557 3218 Petrus
584 3160 693 3218 Koncz
719 3160 848 3238 sellipar
872 3160 1013 3219 secundo
1048 3160 1161 3219 citatus
1183 3173 1292 3219 contra
1320 3159 1503 3219 Emericum

239 3264 420 3344 selliparem
448 3285 510 3323 non
537 3266 716 3345 comparuit
743 3267 772 3324 in
803 3265 933 3344 judicio.

345 3371 420 3431 ltem
448 3391 540 3430 causa
567 3372 648 3430 inter
675 3372 792 3430 lucam
828 3371 1121 3433 molendinatorem
1148 3390 1177 3433 et
1211 3375 1292 3434 inter
1319 3373 1503 3455 Philippum

238 3477 433 3536 auril'abrum
462 3493 507 3537 est
540 3493 709 3559 prorogata
745 3498 844 3556 usque
879 3479 917 3537 ad
950 3480 1087 3559 primum
1122 3481 1276 3559 judicium
1302 3481 1326 3540 si
1352 3495 1503 3562 poterunt

237 3585 432 3644 concordare
458 3587 584 3644 racione
610 3586 846 3645 verberacionis
879 3600 908 3646 et
930 3588 1111 3647 cicatricum
1137 3609 1232 3669 super
1258 3590 1360 3670 ipsum
1383 3590 1502 3650 Lucam

237 3689 401 3753 factarum.

319 3913 464 3981 Salrluto
492 3916 642 3999 proximo
674 3923 749 4000 post
783 3915 904 3983 festum
943 3915 1032 3983 beati
1063 3914 1229 3985 l'incencii
1260 3915 1423 4000 martiris,

647 4059 731 4107 anno
761 4048 822 4108 etc.
855 4038 932 4108 LXX
965 4037 1079 4107 tercio.

749 4206 810 4266 (23.
828 4194 990 4266 jatrmrrr'il.

346 4329 420 4388 ltenr
449 4349 574 4388 causam
603 4331 683 4390 inter
716 4332 901 4409 magistrum
938 4332 1071 4391 Paulum
1106 4333 1280 4413 predialem
1307 4335 1346 4394 de
1380 4335 1501 4416 Mykw·

239 4434 331 4514 lynca
358 4437 521 4515 provincie
558 4436 714 4518 luanych
748 4453 781 4496 ut
815 4452 952 4496 actorem
987 4441 1025 4497 ah
1059 4460 1131 4515 urta,
1158 4457 1186 4500 et
1212 4441 1292 4500 inter
1319 4442 1438 4502 Lucam
1472 4457 1502 4502 et

239 4540 437 4619 Stephanum
463 4557 608 4618 sartores,
634 4545 781 4603 concives
807 4559 931 4603 nostros
956 4544 1039 4604 lilios
1068 4546 1285 4627 Kowachych‚
1312 4562 1345 4608 ut
1371 4549 1401 4608 in
1427 4568 1500 4608 cau·

238 4665 304 4705 sam
329 4659 487 4723 attractos,
513 4649 640 4709 racione
666 4651 832 4710 cuiusdam
867 4650 955 4709 lunai
989 4651 1091 4711 civilis
1116 4673 1151 4712 ac
1177 4654 1283 4733 (hlorti
1310 4655 1341 4715 in
1375 4655 1496 4737 oppido

239 4752 385 4836 lwanych
412 4753 593 4815 habitorum
620 4770 649 4817 et
674 4756 810 4817 aliorum
837 4756 993 4817 laetorum
1023 4758 1104 4818 inter
1128 4760 1256 4821 easdem
1281 4775 1386 4844 partes
1409 4781 1498 4825 secu·
