3488 5272
237 341 303 401 404
647 325 845 401 Ann01472.
874 358 914 366 -
937 338 985 385 12.
1004 325 1098 400 junii.

599 431 607 434 .
654 431 719 434 .-
905 430 961 435 —
1072 431 1098 436 ,Α
1134 430 1502 443 ..,.-..-,-..---

238 558 335 631 lerla
364 563 469 631 tercia
500 563 654 649 proxima
684 567 760 649 post
797 560 918 631 lestum
948 561 1122 632 beatarum
1152 558 1297 650 Philippi
1325 568 1357 634 et
1385 561 1505 652 Jacobi

750 685 991 773 apostoloram.

787 843 828 912 (5.
852 839 948 913 ntait').

345 979 421 1038 Item
447 978 522 1059 quia
549 977 662 1039 Gallus
681 976 847 1059 Kodelych
872 977 1088 1058 juramentum
1116 977 1176 1040 sibi
1203 992 1313 1040 contra
1338 978 1503 1041 Thomam

238 1085 372 1146 Cheden
398 1084 628 1164 adjudicatum,
652 1082 800 1165 deposuit
825 1097 859 1143 ut
883 1081 1003 1145 debuit.

345 1191 422 1251 ltem
448 1191 522 1270 quia
550 1191 651 1250 Lucas
683 1204 771 1250 sutor
799 1209 897 1269 gener
928 1189 1188 1274 Werbowechlty
1220 1203 1346 1252 tenetur
1371 1211 1503 1274 respon·

237 1298 313 1359 dere
338 1298 376 1358 ad
403 1297 542 1378 primum
559 1296 715 1377 judicium
740 1314 848 1357 coram
874 1295 968 1356 nobis
985 1310 1094 1358 contra
1120 1295 1299 1359 lohannem
1326 1296 1503 1380 Perowycb

238 1406 269 1464 in
295 1404 435 1485 quodam
463 1402 545 1465 lacto
570 1422 626 1464 sue
651 1402 940 1464 dehonestationis.

343 1510 419 1571 Item
445 1510 519 1590 quia
544 1509 733 1570 Valentinus
765 1508 804 1569 de
837 1508 1021 1569 lwanorelta
1053 1506 1183 1588 jobagio
1208 1507 1351 1590 Capituli
1387 1529 1500 1589 zagru-

238 1615 356 1676 biensis
382 1616 412 1676 in
439 1614 523 1676 furtu
542 1615 706 1676 cuiusdam
733 1614 863 1675 camisie
881 1613 1097 1695 deprehensus
1122 1627 1177 1692 est,
1203 1627 1234 1676 et
1257 1615 1427 1696 vestigium
1445 1635 1503 1677 seu

229 1723 364 1802 *signum
391 1743 407 1782 a
434 1742 499 1802 quo
525 1721 636 1783 habuit
660 1721 779 1802 etquis
803 1720 908 1781 eidem
926 1720 1058 1782 dederat
1079 1720 1255 1802 producere
1280 1741 1387 1783 coram
1405 1723 1500 1784 nobis

239 1848 303 1888 non
330 1829 444 1909 potuit,
469 1848 531 1909 que
556 1827 684 1888 camisia
710 1826 812 1888 iurata
837 1833 924 1888 est'a
949 1827 1089 1907 quadam
1108 1827 1241 1889 muliere
1266 1832 1359 1889 Anna
1378 1841 1502 1907 vocata,

238 1956 324 1996 nunc
349 1937 430 1996 circa
456 1936 583 1996 Petrum
616 1949 756 1996 sutorem
783 1933 957 2016 Syrowych
991 1933 1111 1995 dictum
1144 1953 1357 2012 commorans,
1378 1933 1498 1998 furtive

238 2043 342 2104 ablata
376 2043 453 2118 fuit;
485 2062 581 2122 quam
615 2042 776 2103 camisiam
815 2042 881 2123 ipse
913 2040 1102 2102 Valentinus
1133 2040 1213 2103 dixit
1236 2041 1295 2103 sibi
1328 2041 1435 2103 datam
1468 2058 1500 2104 et

237 2151 428 2229 assignatam
443 2170 497 2230 per
511 2148 684 2229 quemdam
696 2146 872 2227 Georgium
884 2145 1045 2228 Fylchych
1059 2146 1195 2228 Philippi
1209 2166 1363 2228 generum
1375 2147 1497 2230 Spych·

237 2254 384 2336 lton'ycln
409 2274 466 2335 pro
491 2274 556 2335 quo
574 2254 691 2314 delicto
716 2253 815 2334 ipsius
840 2252 913 2313 furti
932 2252 991 2332 ipsi
1009 2252 1182 2315 Valentino
1207 2267 1253 2315 est
1277 2253 1497 2333 adjudicatum

239 2381 294 2442 per
319 2361 454 2422 eandem
479 2361 647 2421 mulierem
673 2379 734 2419 una
760 2358 901 2419 auricula
919 2378 975 2418 sua
992 2358 1112 2419 abscidi
1138 2379 1196 2440 pro
1220 2359 1325 2441 primo
1349 2361 1418 2420 eius
1443 2361 1497 2420 de·

237 2466 312 2527 licto
337 2468 482 2545 debetur,
507 2480 537 2527 et
570 2466 644 2546 quia
672 2466 712 2525 ad
745 2464 1019 2546 supplicationem
1053 2464 1266 2546 plurimorum
1292 2465 1500 2527 dominorum

237 2574 467 2636 canonicorum
500 2573 539 2633 de
572 2572 725 2653 Capitulo
757 2570 955 2651 zagrabiensi
989 2571 1134 2652 predicto
1166 2585 1197 2633 et
1228 2571 1329 2633 eciam
1362 2572 1500 2633 aliorurn

238 2683 411 2762 proborum
445 2694 474 2740 et
505 2680 714 2740 honestorum
746 2678 887 2739 virorum
921 2692 966 2738 est
1004 2677 1109 2739 eidern
1144 2678 1362 2740 misericordia
1395 2679 1501 2739 taliter

237 2787 329 2862 lacta,
355 2800 388 2846 ut
414 2787 479 2867 ipse
506 2786 609 2845 eidem
636 2784 761 2845 mulieri
796 2788 889 2844 Anne
921 2781 1091 2844 satisfaciat
1116 2804 1173 2866 pro
1206 2804 1265 2845 suo
1300 2784 1443 2866 dampno
1468 2799 1498 2846 et

239 2893 372 2954 ulterius
396 2893 511 2952 similia
538 2905 718 2972 perpetrare
744 2909 808 2951 non
838 2889 963 2966 debeat,
995 2889 1048 2969 qui
1075 2890 1098 2949 si
1126 2891 1156 2950 in
1182 2890 1342 2951 similibus
1365 2891 1500 2951 ulterius

238 2999 454 3080 deprehensns
472 3013 501 3059 et
520 3013 661 3078 repertus
679 2997 784 3073 fuerit,
802 3010 916 3056 extunc
934 3015 1047 3077 penam
1065 3015 1161 3075 quam
1177 2996 1394 3057 demereretur
1410 2995 1496 3075 juxta

237 3120 351 3165 statuta
376 3105 458 3165 dicte
484 3105 619 3165 civitatis
644 3104 795 3185 pacietur.

292 3338 387 3410 Feria
416 3348 512 3410 sexta
541 3337 694 3427 proxima
735 3346 811 3426 post
841 3338 961 3408 festum
991 3337 1079 3406 beati
1109 3336 1261 3407 Barnabe
1290 3340 1445 3425 apostoli.

773 3492 834 3565 (12.
852 3491 958 3567 sitnia).

345 3637 419 3697 ltem
447 3635 520 3715 quia
551 3634 740 3694 Valentinus
774 3647 874 3693 sartor
908 3632 1071 3710 Pongracz
1096 3631 1209 3710 dictus,
1241 3632 1348 3695 senior
1379 3633 1500 3713 juratus

237 3744 378 3802 concivis
404 3757 521 3817 noster,
546 3755 654 3800 contra
681 3759 812 3799 uxorem
839 3738 925 3800 Galli
967 3737 1134 3819 Kodelych
1159 3739 1294 3800 senioris
1319 3739 1412 3819 jurati
1438 3754 1498 3801 ter·

236 3851 333 3910 ciario
359 3850 472 3910 citatus
497 3867 561 3906 non
587 3847 765 3928 comparuit
792 3847 821 3906 in
848 3844 968 3923 judicio
992 3864 1100 3905 coram
1127 3845 1229 3907 nobis.

343 3956 419 4015 ltem
446 3954 519 4034 quia
545 3952 756 4034 Thwlowych
792 3966 821 4013 et
847 3951 1126 4032 Banschaltowycz
1158 3966 1268 4013 contra
1294 3953 1413 4013 Lucam
1447 3973 1498 4014 su-

236 4077 337 4122 torem
363 4063 522 4121 seniorem
556 4060 692 4138 juratum
727 4059 856 4120 racione
888 4057 1102 4138 quorumdam
1129 4060 1249 4118 bovum
1282 4059 1387 4140 primo
1411 4059 1497 4120 citati

237 4189 299 4228 non
326 4179 573 4248 comparuerunt
600 4165 629 4224 in
656 4164 775 4245 judicio
801 4184 907 4225 coram
934 4163 1037 4224 nobis.

343 4274 419 4333 ltem
452 4272 527 4352 quia
553 4271 689 4332 Micliael
723 4268 850 4350 pellifex
886 4283 995 4331 contra
1020 4268 1199 4329 Fabianum
1232 4267 1359 4330 Charen
1391 4268 1497 4350 primo

237 4379 349 4439 citatus
374 4399 437 4439 non
463 4376 643 4458 comparuit
669 4377 698 4436 in
725 4375 844 4453 judicio
869 4395 976 4436 coram
1003 4375 1104 4437 nobis.

343 4484 419 4544 ltem
446 4485 519 4564 quia
541 4483 658 4544 Kelecz
676 4497 763 4543 sutor
781 4482 887 4542 senior
904 4481 1025 4562 juratus
1042 4493 1151 4542 contra
1170 4481 1260 4543 Hans
1278 4481 1376 4542 Pazar
1392 4480 1497 4563 primo

236 4590 349 4650 citatus
374 4610 437 4650 non
463 4589 642 4670 comparuit
668 4589 698 4649 in
725 4588 845 4667 judicio
870 4607 977 4649 corant
1003 4587 1107 4649 nobis.

342 4697 419 4757 ltem
444 4697 518 4777 quia
545 4695 690 4756 Thomas
715 4694 847 4756 Cheden
881 4688 989 4755 contra
1022 4691 1201 4754 lohannem
1235 4693 1396 4776 Soldynar
1427 4713 1494 4754 mo·

236 4804 371 4863 demum
397 4803 533 4881 iuratum
552 4802 657 4885 primo
674 4802 788 4863 citatus
804 4820 868 4862 non
883 4800 1063 4882 comparuit
1079 4799 1111 4860 in
1128 4799 1249 4880 judicio
1266 4819 1374 4863 coram
1390 4800 1494 4865 nobis.
