3488 5272
242 330 305 408 256
659 328 861 405 Ann01464.
887 362 928 369 -
950 341 983 401 9.
1000 328 1093 403 junii.

346 542 422 602 ltem
456 559 583 601 cansam
618 540 699 600 inter
736 539 896 600 Marinum
929 537 1030 599 filium
1056 537 1169 599 Klario
1201 537 1240 599 de
1265 536 1397 627 Segnia,
1428 536 1513 599 alias

236 648 375 727 judicem
402 661 433 708 et
450 647 615 708 concivem
642 660 797 721 nostrum,
815 659 849 705 ut
866 658 1006 706 actorem
1023 644 1063 705 ab
1080 664 1154 723 uns,
1178 663 1214 705 ac
1231 643 1312 705 inter
1335 642 1511 725 providam

237 754 403 814 dominam
430 752 603 813 Katherina
636 765 793 828 vocatam,
825 751 968 811 relictam
1000 750 1138 811 condam
1170 749 1296 832 providi
1320 749 1381 810 viri
1406 748 1510 811 Blasii

237 860 292 921 lilii
319 860 348 921 T
352 860 447 920 horne
466 859 667 940 Wgrinoyclv
693 858 780 936 dicti,
805 858 883 918 olim
909 856 1000 935 jurati
1020 871 1050 919 et
1063 857 1205 918 concivis
1222 856 1333 935 nostri,
1358 856 1509 937 partibus

236 967 276 1027 ab
301 967 411 1043 altera,
436 985 492 1046 per
522 965 734 1025 literatorium
768 964 954 1025 mandatum
988 964 1182 1025 serenissimi
1215 962 1369 1045 principis
1392 974 1423 1023 et
1449 960 1509 1023 do·

237 1074 327 1149 mini,
352 1072 475 1132 domini
502 1071 621 1132 Mathie
654 1071 737 1151 regis
763 1070 927 1150 Hungarie
963 1083 1033 1147 etc,
1066 1069 1190 1130 domini
1216 1068 1313 1130 nostri
1340 1066 1509 1145 naturalis,

238 1180 366 1240 racione
392 1178 605 1259 quarumdam
630 1179 822 1254 stationum,
852 1177 1036 1253 domorum,
1062 1175 1237 1237 fundorum
1262 1175 1293 1235 in
1319 1173 1403 1235 dicta
1427 1172 1507 1234 civi·

238 1298 301 1346 tate
336 1285 516 1345 habitarum
542 1297 572 1343 et
604 1285 824 1361 existencium,
857 1283 985 1344 racione
1017 1302 1154 1363 quarum
1178 1282 1357 1343 stacionum
1391 1293 1424 1341 et
1447 1278 1507 1340 do·

240 1410 366 1451 morum
400 1404 472 1450 atate
497 1403 579 1450 certa
613 1390 787 1471 retrolapsa
820 1404 964 1471 tempora
999 1390 1062 1449 litis
1093 1404 1123 1450 et
1161 1388 1339 1471 questionis
1370 1386 1507 1448 materia

238 1517 345 1557 coram
371 1497 463 1556 nobis
497 1511 582 1556 mota
608 1494 717 1556 fuisset
751 1510 781 1557 et
816 1516 870 1577 per
909 1515 968 1556 nos
991 1495 1183 1573 adjudicata,
1228 1509 1259 1557 et
1283 1492 1412 1555 tandem
1446 1511 1506 1573 per

238 1602 395 1683 prelatum
423 1600 559 1661 condam
595 1601 735 1661 Blasioni
771 1602 948 1662 institorem
982 1602 1022 1662 ad
1048 1600 1254 1681 magnificum
1288 1602 1391 1661 virum
1426 1596 1508 1659 Gre-

237 1709 364 1789 gorinm
392 1708 483 1767 Bodo
516 1708 649 1784 dictum,
675 1722 791 1768 eotunc
824 1709 1010 1789 magistrum
1044 1709 1312 1769 thawarnicorum
1346 1704 1505 1785 regalium

239 1833 310 1874 cum
338 1814 427 1873 totali
461 1832 519 1872 suo
552 1833 701 1893 processu
736 1827 765 1874 et
799 1813 1043 1889 adjudicatione
1077 1815 1269 1896 appellatam
1299 1825 1329 1875 et
1354 1830 1409 1894 per
1433 1830 1506 1893 pre·

239 1918 337 1981 latum
364 1919 550 1999 magistrum
576 1919 844 1979 than'arnicornm
878 1921 1033 2000 regalium
1068 1920 1205 1981 finaliter
1230 1934 1260 1980 et
1283 1918 1506 1980 sentenciona-

240 2025 310 2085 liter
334 2024 562 2099 adjudicatam,
586 2025 810 2105 cuiusquidem
829 2026 1081 2104 adjudicacionis
1106 2027 1168 2105 jam
1186 2027 1297 2107 quitata
1323 2023 1507 2106 preterisset

238 2131 403 2192 revolutio
428 2130 585 2207 annualis,
611 2146 640 2191 et
665 2132 739 2211 quia
765 2132 795 2190 in
822 2152 907 2192 ιιιιιιο
932 2134 1022 2193 cuius
1047 2134 1108 2210 jam
1127 2132 1267 2193 secunda
1293 2132 1387 2191 instat
1410 2147 1505 2189 revo-

239 2238 324 2297 lucio
349 2237 508 2314 annualis,
534 2236 610 2296 leria
635 2238 785 2299 videlicet
809 2240 904 2299 tercia
924 2240 1068 2319 proxima
1094 2254 1166 2320 post
1190 2238 1306 2299 festum
1331 2238 1505 2298 Resurrec-

239 2344 340 2404 cionis
364 2343 499 2419 domini,
525 2344 724 2423 preteritum,
756 2364 814 2425 pro
839 2360 926 2425 parte
960 2359 990 2406 et
1016 2346 1046 2405 in
1078 2365 1214 2427 persona
1248 2343 1360 2425 prelati
1387 2342 1504 2403 Marini

239 2450 317 2509 alias
340 2448 455 2527 judicis
480 2462 509 2509 et
534 2450 675 2509 concivis
699 2452 810 2527 nostri,
839 2450 963 2531 prelato
996 2451 1130 2512 domino
1155 2466 1264 2512 nostro
1290 2449 1411 2511 Mathis
1434 2448 1503 2528 regi

239 2557 344 2617 taliter
360 2572 573 2636 conquestum
599 2558 713 2633 existit,
738 2558 824 2637 quod
844 2559 917 2620 licet
943 2560 1009 2641 ipse
1029 2560 1171 2619 Marinus
1187 2558 1387 2640 temporibus
1405 2570 1504 2617 retro-

240 2664 336 2744 lapsis
368 2663 516 2722 videlicet
551 2664 581 2723 in
615 2684 700 2724 anno
727 2663 856 2724 Domini
892 2666 1044 2726 Mtjtltjtl
1078 2666 1347 2747 quinquagesimo
1378 2677 1505 2739 octava,

239 2768 315 2830 feria
348 2784 433 2829 sexta
467 2770 611 2849 proxima
646 2785 716 2850 post
751 2770 864 2831 t'estnnr
901 2767 1101 2833 lnvc'ncionis
1132 2788 1238 2833 sancte
1273 2772 1395 2848 Crucis,
1428 2784 1504 2830 tunc

241 2877 439 2957 preteritum,
464 2876 581 2956 elapsa,
615 2878 880 2957 circumspectum
909 2878 1049 2938 Blasium
1084 2880 1232 2957 juratum,
1257 2877 1402 2938 similiter
1427 2895 1504 2936 eon·

241 2982 343 3042 civem
369 2995 512 3041 riostrum
539 2983 728 3061 predictum,
755 2983 785 3041 in
812 2984 894 3043 lacto
919 2985 1104 3045 earumdem
1130 2986 1308 3045 stationum
1333 2998 1363 3044 et
1388 2983 1505 3042 domus

242 3104 364 3149 intuate
391 3108 426 3147 ac
452 3088 541 3147 l'undi
569 3090 598 3148 in
626 3090 708 3149 dieta
727 3090 853 3150 civitate
880 3092 960 3151 inter
977 3093 1109 3151 domum
1136 3108 1292 3152 nvnratam
1318 3106 1347 3151 et
1365 3090 1502 3150 landum

242 3195 373 3273 Georgii
401 3210 429 3254 et
458 3195 612 3255 lodonici
632 3216 666 3255 ac
694 3197 855 3256 l)orotlree
873 3198 935 3257 lilie
961 3199 1097 3258 condam
1124 3199 1247 3279 providi
1267 3198 1406 3272 Thonis,
1423 3197 1501 3256 olim

242 3300 332 3377 jurati
359 3316 388 3361 et
414 3302 554 3360 concivis
578 3304 674 3361 nostri
701 3302 755 3361 lilii
790 3304 926 3363 condam
953 3304 1057 3363 (Ilioni
1086 3305 1208 3379 judicis,
1249 3307 1287 3363 ab
1313 3304 1445 3379 orione,
1471 3318 1501 3362 ct

241 3410 320 3467 inter
347 3408 482 3467 luridum
508 3430 542 3467 ac
568 3411 742 3469 stacionem
769 3410 881 3491 prelati
909 3411 1003 3471 Blasii
1041 3412 1131 3485 jurati
1158 3415 1197 3470 ab
1223 3413 1388 3472 occidente
1414 3411 1502 3471 habi·

239 3531 341 3575 tarum
367 3530 394 3574 et
421 3516 641 3592 existencinm,
667 3537 728 3596 qne
754 3517 904 3577 videlicet
935 3519 1092 3577 stationes
1124 3532 1154 3577 et
1179 3519 1294 3577 domus
1320 3531 1442 3578 murata
1467 3536 1502 3576 ac

240 3622 329 3681 l'nndi
357 3622 476 3681 nobilis
501 3623 632 3682 ιιιιιιιίιιι·
660 3624 821 3683 llorotlvee
847 3623 910 3683 lilie
929 3626 1039 3705 prelati
1067 3625 1171 3684 (Ilmni
1199 3624 1323 3698 judicis,
1348 3625 1503 3684 consentis

240 3748 315 3787 vcro
342 3728 497 3805 legittimo
523 3728 655 3807 licorgii
682 3730 788 3810 llxlyn
824 3730 911 3805 dicti,
936 3732 975 3789 de
1002 3731 1104 3812 llevn,
1138 3733 1374 3810 consanguinee
1401 3730 1502 3811 pres·-

163 3856 169 3869 ·
239 3848 344 3893 torum
364 3854 536 3914 puerorum
557 3835 655 3915 ipsius
680 3836 808 3895 'l'lrome
827 3837 917 3910 jurati
937 3838 1119 3917 prel‘uerant
1137 3853 1165 3897 et
1184 3860 1198 3895 ιι
1219 3838 1340 3918 prelato
1359 3838 1501 3917 (leorgio

245 3941 352 4020 (lslvn
380 3940 409 3999 in
436 3942 580 4020 personis
612 3941 806 4021 prelatorum
840 3963 1011 4023 puerorum
1046 3965 1100 4025 per
1125 3945 1228 4025 ipsunt
1264 3946 1421 4005 ‚llarinnnr
1456 3945 1500 4023 jn·

242 4047 345 4106 dicem
371 4061 534 4126 tannpram
561 4064 798 4127 procuratorem
828 4064 859 4109 et
892 4065 1103 4131 protectorem
1130 4074 1164 4111 ac
1198 4056 1392 4113 astitrculutn
1419 4054 1500 4133 ipso·

240 4171 308 4211 rum
337 4153 495 4231 vicinique
522 4150 713 4233 prel'atartnn
738 4156 915 4216 stacionnnr
943 4178 977 4217 ac
1003 4158 1117 4217 domus
1155 4179 1211 4218 nec
1237 4180 1300 4219 non
1328 4158 1499 4220 l'urnlornm

241 4273 268 4319 et
296 4260 608 4337 onsanpuineornnv
629 4262 747 4339 prelata
773 4262 904 4323 dmnine
928 4265 1101 4341 llorotlrec,
1127 4266 1202 4345 ipsis
1220 4268 1326 4347 pueris
1344 4287 1400 4346 pro
1418 4284 1501 4327 certa

242 4366 467 4444 peccuniarnnv
501 4368 676 4445 ιμιιιιιιίιιιιι·
710 4384 890 4448 corrrparate
924 4368 1048 4431 suerunt
1082 4388 1112 4432 et
1145 4388 1262 4451 ctvrpte,
1286 4394 1303 4433 ιι
1329 4375 1501 4454 nndtisqne

240 4472 439 4549 temporibus
474 4474 636 4531 retroactis
668 4494 722 4553 per
761 4475 898 4535 osiridem
935 4477 1073 4537 lllnsinm
1109 4479 1244 4553 juratum
1279 4495 1438 4540 tentorum
1472 4496 1501 4539 et

241 4597 471 4655 possessorum,
496 4580 635 4639 etrrrdetn
664 4580 803 4639 lllasinrn
829 4582 941 4641 ‹nnioe
972 4584 1139 4657 puliciano
1166 4588 1195 4644 in
1222 4588 1418 4665 presenciam
1446 4607 1500 4647 no·

240 4698 334 4742 strant
369 4684 398 4743 in
432 4704 558 4745 rarvrsarn
590 4687 826 4764 conveniendo,
859 4708 917 4747 nos
948 4689 1074 4749 easdem
1107 4692 1265 4749 stationes
1296 4712 1331 4751 ac
1367 4692 1500 4753 «lonium

242 4804 398 4849 muratam
432 4806 462 4850 et
495 4790 612 4851 fundos
636 4813 672 4853 ex
706 4794 864 4853 revisione
888 4794 1004 4873 jurium
1042 4811 1072 4856 et
1104 4796 1275 4857 literalium
1310 4800 1500 4860 instrumen-
