3488 5272
238 299 300 380 246
613 297 817 380 Ann01464.
843 333 885 345 -
909 315 957 379 13.
974 301 1129 377 sonnatii.

237 515 367 576 neribus
401 515 612 592 sauciassent,
648 514 786 575 eundem
828 514 947 575 ibidem
983 514 1173 576 semivivum
1218 514 1432 597 relinquendo
1469 528 1503 579 et

237 621 377 682 eundem
402 621 488 703 palio
513 635 542 680 et
567 621 668 681 securi
693 621 758 681 suis
785 621 986 702 spoliassent.

343 728 420 790 Item
447 728 577 810 Endrey
593 743 681 790 sutor
697 748 859 790 successor
883 728 1021 791 condam
1039 728 1194 790 Anthonii
1220 729 1373 791 institoris
1390 743 1502 793 contra

239 835 422 918 Philippum
447 850 588 897 sutorem
614 835 748 916 longum
782 835 813 896 in
840 835 944 918 primo
968 834 1088 914 iudicio
1122 835 1316 917 respondere
1339 836 1503 899 tenebitur

238 944 270 1004 in
297 943 380 1005 facto
405 943 487 1005 inter
512 943 597 1025 ipsos
622 941 741 1004 habito.

345 1050 423 1111 Item
448 1050 551 1110 Lucas
575 1048 670 1109 frater
695 1047 816 1109 Baldelr
849 1047 1043 1109 inhabitator
1074 1048 1220 1110 suburbii
1246 1048 1330 1111 dicte
1354 1048 1502 1128 civitatis,

238 1156 271 1216 id
296 1175 368 1217 cum
393 1154 563 1217 sufficienti
588 1154 773 1215 testimonio
795 1153 890 1214 hodie
909 1173 1016 1215 coram
1042 1154 1136 1215 nobis
1160 1154 1393 1237 comprobavit,
1411 1154 1502 1236 quod
1580 1162 1587 1175 '

238 1263 313 1344 quia
338 1262 475 1324 condam
499 1260 653 1344 providus
677 1261 725 1321 vir
750 1261 895 1322 Thomas
924 1261 1048 1321 Kozten
1074 1260 1187 1339 dictus,
1212 1261 1243 1322 in
1269 1260 1419 1322 extremis
1441 1280 1500 1323 sue

238 1370 302 1430 vite
319 1369 502 1445 laborasset,
524 1382 599 1430 tunc
618 1368 684 1450 ipse
713 1366 874 1448 quandam
905 1366 1030 1428 vineam
1060 1387 1150 1428 suam
1176 1367 1207 1428 in
1232 1366 1392 1429 territorio
1417 1366 1502 1429 dicte

238 1476 375 1536 civitatis
399 1475 503 1537 eidem
529 1475 664 1555 legasset
681 1488 712 1536 et
729 1473 909 1550 dimisisset,
935 1473 1008 1535 ideo
1026 1493 1085 1534 nos
1111 1472 1247 1534 eandem
1271 1473 1398 1535 vineam
1423 1492 1499 1535 cum

239 1582 304 1642 suis
321 1581 512 1643 utilitatibus
537 1580 642 1641 eidem
662 1580 747 1641 Luce
772 1600 809 1640 ex
834 1579 996 1658 premissis
1012 1580 1179 1639 statuimus
1197 1593 1255 1640 etc.

344 1687 420 1747 ltem
447 1687 585 1748 Akacius
615 1686 721 1747 senior
746 1685 866 1766 juratus
897 1699 927 1745 et
951 1686 1092 1746 concivis
1123 1701 1231 1747 noster
1266 1686 1297 1747 in
1323 1683 1406 1748 facto
1431 1686 1501 1749 lite·

239 1813 344 1854 rarum
370 1793 494 1854 Nicolai
527 1792 689 1869 aurifabri,
714 1792 848 1853 senioris
871 1792 974 1873 jurati,
999 1812 1093 1874 super
1125 1792 1275 1853 domibus
1298 1792 1500 1871 sonnacium,

241 1898 453 1976 juramentum
480 1900 537 1959 sibi
557 1899 786 1978 adjudicatum,
811 1912 904 1979 prout
921 1898 1032 1959 debuit
1054 1898 1130 1959 feria
1155 1912 1241 1960 sexta
1266 1898 1410 1979 proxima
1428 1912 1501 1980 post

241 2004 355 2067 festum
380 2005 463 2066 beati
490 2005 596 2086 Egidii
624 2005 783 2087 deposuit.

346 2112 422 2172 ltem
449 2111 630 2172 Anthonius
647 2110 731 2172 filius
757 2110 903 2193 Dyonisii
929 2111 1037 2193 llybar
1062 2112 1158 2173 tercia
1187 2111 1253 2173 vice
1279 2111 1317 2172 ad
1343 2110 1500 2192 judicium

239 2216 298 2278 fuit
322 2231 453 2279 vocatus
477 2231 507 2279 et
532 2217 747 2298 proclamatus
780 2230 888 2278 contra
923 2217 1075 2278 Mathiam
1101 2219 1309 2299 Tergowecz,
1334 2218 1501 2279 concivem

240 2340 401 2397 nostrum,
434 2325 472 2386 ad
509 2325 663 2405 judicium
701 2344 764 2385 non
803 2326 889 2387 venit
925 2326 1052 2385 racione
1085 2325 1320 2386 verberacionis
1356 2324 1501 2385 eiusdem

240 2430 359 2493 blathie
385 2433 415 2492 in
441 2432 541 2492 libera
566 2431 616 2491 via
642 2431 672 2491 in
699 2431 862 2492 territorio
886 2431 968 2491 dicte
994 2431 1139 2492 civitatis.

346 2538 421 2599 Item
448 2539 610 2599 lohannes
636 2537 751 2599 Bolsak
783 2537 890 2598 senior
919 2536 1012 2613 iudex
1046 2551 1154 2597 contra
1180 2537 1335 2597 Akacium
1361 2536 1500 2616 juratum

239 2645 345 2726 primo
370 2644 483 2705 citatus
507 2645 546 2704 ad
573 2644 726 2721 judicium
754 2664 818 2704 non
844 2643 930 2704 venit
956 2664 1063 2705 coram
1089 2644 1191 2706 nobis.

346 2752 422 2813 ltem
449 2752 479 2812 in
506 2772 599 2811 causa
626 2752 706 2811 inter
731 2751 902 2812 Nicolaum
927 2750 1124 2811 aurifabrum
1143 2767 1171 2811 et
1199 2752 1352 2812 flkacium
1372 2750 1500 2812 racione

240 2859 403 2920 literarum
436 2873 466 2917 et
498 2857 670 2918 literalium
705 2858 1010 2933 instrumentorum,
1043 2877 1100 2916 nec.
1133 2877 1197 2918 non
1231 2876 1440 2939 expensarum
1465 2878 1501 2918 ac

241 2964 417 3026 ablacionis
442 2978 531 3045 porte
565 2961 663 3024 ferree
697 2979 726 3025 et
751 2964 959 3025 fenestrarum
990 2965 1171 3039 vitrearum,
1197 2964 1289 3042 jurati
1315 2964 1399 3043 juxta
1425 2983 1499 3025 con·

242 3086 327 3133 tenta
353 3071 516 3131 literarum
542 3072 696 3151 regalium
730 3070 1004 3149 adjudicaverunt,
1029 3072 1116 3151 quod
1150 3072 1216 3151 ipse
1241 3071 1393 3131 Nicolaus
1417 3071 1498 3132 auri·

241 3177 329 3237 faber
361 3178 488 3238 racione
520 3197 741 3257 expensarum,
778 3178 852 3258 quia
878 3179 943 3259 ipse
975 3177 1100 3237 dicebar
1132 3177 1219 3257 quod
1253 3179 1318 3260 ipse
1344 3178 1500 3259 quingen-

240 3298 346 3344 torum
372 3282 440 3343 flor.
466 3284 532 3343 auri
560 3284 590 3343 in
616 3284 844 3365 prosecutione
874 3304 967 3345 cause
999 3304 1109 3365 passus
1134 3298 1190 3361 est,
1216 3284 1292 3344 feria
1317 3300 1402 3344 sexta
1427 3305 1499 3366 pro·

241 3390 324 3451 xime
350 3405 482 3450 ventura
508 3390 690 3450 terciusmet
715 3390 773 3450 sibi
800 3390 958 3451 similibus
987 3391 1132 3472 personis
1157 3392 1258 3465 jurare
1284 3392 1443 3452 tenebitur
1469 3392 1499 3452 in

241 3516 293 3556 ara
318 3508 425 3556 sancte
451 3494 574 3571 Crucis,
599 3496 686 3575 quod
712 3509 814 3556 tantas
835 3516 988 3575 expensas
1014 3496 1085 3556 fecit
1105 3498 1135 3555 in
1162 3499 1389 3577 prosecucione
1408 3517 1500 3558 cause

241 3604 405 3685 premisse,
429 3617 459 3661 et
477 3601 552 3661 dum
580 3602 705 3677 jurabit,
731 3602 817 3682 quod
836 3616 910 3663 tunc
936 3602 1063 3664 rlclrach
1090 3604 1129 3664 de
1148 3606 1241 3664 rebus
1259 3605 1366 3665 iacobi
1388 3606 1500 3665 llbers·

241 3709 313 3791 pelr,
346 3728 408 3789 que
442 3709 576 3767 inveniri
611 3722 771 3789 poterunt,
804 3711 979 3770 contentari
1013 3710 1126 3783 debet;
1159 3731 1253 3792 super
1285 3712 1402 3792 quibus
1434 3712 1500 3792 ipse

242 3814 394 3875 Nicolaus
418 3814 512 3892 judex
533 3814 652 3887 judicio
678 3835 741 3875 non
767 3830 936 3876 contentus
953 3817 991 3875 nd
1014 3818 1156 3878 seniores
1180 3818 1353 3898 appellavit
1370 3818 1500 3897 jndices.

347 3921 424 3981 ltcm
450 3919 589 4003 prefatus
614 3923 752 3982 Akacius
783 3938 892 3982 contra
925 3927 1082 4004 prelatum
1110 3925 1278 3985 Nicolaum
1305 3924 1500 3985 aurifabrum

242 4028 356 4089 eodem
382 4028 433 4087 die
467 4028 569 4103 jurare
596 4028 626 4088 in
659 4048 698 4088 eo
731 4030 891 4091 tenebitur
922 4030 1075 4091 solusmet
1109 4030 1138 4091 in
1169 4051 1221 4090 ara
1246 4046 1352 4091 sancte
1377 4032 1501 4107 (Irucis,

242 4132 329 4214 quod
357 4134 422 4214 ipse
456 4148 580 4214 portam
614 4134 748 4195 ferream
782 4155 840 4196 nec
870 4134 1021 4197 fenestras
1053 4137 1167 4197 vitreas
1192 4152 1221 4198 et
1252 4157 1414 4217 scampua,
1438 4156 1499 4218 que

242 4240 308 4321 ipse
334 4239 485 4301 Nicolaus
510 4241 539 4301 in
567 4241 632 4322 ipsa
658 4241 757 4302 domo
782 4242 956 4319 dimiserat,
981 4264 1044 4303 non
1072 4244 1251 4325 recepisset,
1277 4244 1331 4304 sed
1359 4243 1410 4303 illa
1438 4264 1500 4323 que

242 4362 462 4430 preparaverat
488 4348 626 4408 lacobus
652 4349 832 4431 libcrspelr3
857 4350 896 4409 de
921 4370 986 4430 qno
1012 4350 1130 4425 jndicio
1156 4371 1219 4411 non
1246 4363 1414 4411 contentus
1431 4370 1499 4431 pre·

241 4452 324 4514 fatus
348 4452 500 4514 Nicolaus
523 4454 697 4535 appellavit
720 4456 759 4515 ad
784 4456 924 4517 seniores
949 4456 1077 4531 iudices.

348 4560 424 4620 ltem
449 4561 525 4640 quia
549 4558 689 4641 prefatus
713 4562 865 4622 Nicolaus
897 4562 927 4621 in
958 4562 1076 4637 judicio
1108 4584 1215 4624 coram
1241 4564 1334 4625 nobis
1358 4563 1497 4624 culidem

242 4665 399 4726 Alcacium
436 4679 544 4728 contra
576 4686 609 4727 se
646 4667 722 4728 false
757 4666 876 4749 jurasse
909 4688 966 4749 pro
1000 4669 1122 4745 juribus
1153 4684 1184 4732 ct
1216 4670 1392 4732 literalibus
1424 4670 1499 4747 suis,

242 4770 359 4833 domus
382 4792 455 4833 suas
479 4788 618 4834 muratas
642 4774 857 4855 tangentibus,
880 4794 939 4857 pro
955 4776 1003 4836 sui
1028 4790 1117 4857 parte
1141 4776 1313 4856 confectas,
1338 4776 1368 4838 in
1394 4780 1499 4859 primo
