3488 5272
586 328 791 410 Ann01466.
815 366 859 376 -
881 345 910 409 7.
936 334 1103 395 novembris.
1419 356 1479 418 3⁰3

215 539 318 599 larum
344 559 515 600 vacuarum
542 541 604 602 olei
631 543 773 603 etunius
797 563 907 604 currus
924 564 1065 605 asserum
1090 544 1228 604 condam
1254 545 1378 606 Nicolai
1397 547 1480 607 auri-

217 643 307 705 fabro
332 646 449 706 seniori
474 646 570 726 judici
597 662 626 708 et
652 650 777 710 concivi
803 664 912 710 nostro
945 650 1228 712 accomodatorum
1253 651 1481 730 adjudicatam,

216 751 275 832 ipsi
301 753 443 813 seniores
474 752 595 831 judices
627 755 712 815 bono
746 755 900 817 modoet
932 756 1015 835 justo
1041 756 1140 818 modo
1173 757 1387 835 adjudicatam
1414 757 1480 819 fore

216 856 463 935 confirmarum3
487 860 526 921 de
552 880 617 942 quo
649 861 770 941 judicio
803 863 946 943 ipsorum
979 864 1142 924 seniorum
1167 863 1310 943 judicum
1337 866 1481 928 Thomas

215 962 299 1025 filius
324 966 423 1047 ipsius
448 966 584 1027 condam
611 968 734 1028 Nicolai
768 967 919 1030 aurifabri
946 971 977 1030 in
1008 990 1063 1030 sua
1100 990 1135 1030 ac
1161 970 1292 1031 domine
1317 973 1426 1033 matris
1451 987 1481 1035 et

216 1067 347 1131 fratrum
375 1072 473 1153 ipsius
505 1073 633 1134 Thome
667 1075 801 1134 eandem
835 1094 963 1136 causam
996 1095 1069 1136 cum
1100 1076 1191 1137 totali
1224 1077 1293 1137 eius
1317 1077 1479 1158 adjudica·

216 1177 308 1238 cione
334 1179 364 1239 in
390 1180 588 1260 presenciam
614 1181 756 1261 magistri
782 1181 1050 1243 thawarnicorum
1069 1184 1155 1263 regie
1181 1183 1355 1244 Maiestatis
1372 1184 1480 1266 appel-

215 1283 292 1345 lavit
317 1299 348 1346 et
379 1287 576 1367 provocavit,
601 1301 632 1348 et
664 1287 756 1348 datus
787 1303 833 1348 est
856 1288 976 1354 eisdem
1009 1289 1152 1371 partibus
1184 1309 1290 1351 coram
1316 1291 1385 1371 ipso
1413 1310 1478 1352 ma-

213 1391 312 1471 gistro
338 1391 608 1454 thawarnicorum
633 1394 788 1455 terminus
810 1395 1015 1476 comparendi
1050 1396 1165 1457 tercius
1197 1397 1265 1457 dies
1297 1396 1366 1458 festi
1394 1398 1478 1459 beati

219 1499 348 1559 Martini
375 1500 515 1581 episcopi
543 1514 574 1561 et
597 1499 788 1561 confessoris
813 1502 956 1582 proxime
981 1502 1116 1565 venturi.

321 1605 399 1667 ltem
424 1625 551 1667 causam
583 1607 664 1667 inter
697 1607 863 1669 dominam
897 1609 1129 1689 Margaretham
1163 1610 1308 1671 relictam
1341 1610 1478 1671 condam

215 1711 339 1772 Nicolai
364 1711 529 1790 aurifabri,
554 1713 632 1774 olim
658 1712 772 1793 judicis
805 1728 835 1775 et
867 1715 1008 1775 concivis
1033 1715 1144 1792 nostri,
1177 1735 1232 1797 per
1257 1716 1377 1795 juratos
1410 1735 1479 1797 pre·

215 1817 298 1880 dicte
323 1819 460 1880 civitatis
486 1820 614 1881 racione
647 1820 813 1881 cuiusdam
846 1841 977 1903 mayecz
1001 1841 1056 1882 seu
1090 1821 1209 1902 cinguli
1236 1841 1291 1904 per
1316 1822 1478 1884 Thomam

215 1923 349 1986 Cheden
375 1926 545 2008 deperditi,
570 1926 797 2006 adjudicatam,
822 1929 964 1989 seniores
987 1927 1108 2009 judices
1133 1928 1216 1989 dicte
1243 1929 1379 1990 civitatis
1403 1948 1479 1989 con·

214 2030 381 2094 firmarunt
406 2047 436 2094 et
461 2034 554 2095 datus
580 2047 626 2094 est
642 2034 798 2096 terminus
822 2033 992 2114 juramenti
1011 2035 1114 2096 eidem
1133 2035 1264 2095 domine
1291 2034 1367 2095 feria
1392 2048 1478 2096 sexta

214 2139 359 2222 proxima
383 2155 455 2201 ante
481 2139 596 2201 festum
623 2141 705 2201 beati
732 2140 897 2201 Michaelis
924 2140 1105 2222 archangeli
1131 2141 1276 2221 proxime
1294 2155 1479 2218 venturum,

215 2260 246 2307 et
270 2245 347 2306 dum
372 2245 500 2326 jurabit,
525 2247 592 2329 ipse
618 2246 763 2307 Thomas
787 2246 921 2309 Cheden
955 2248 1060 2309 eidem
1086 2247 1217 2308 domine
1242 2247 1366 2309 solvere
1390 2262 1478 2308 tene·

215 2353 299 2414 bitur
322 2367 479 2434 quantum
505 2352 615 2415 valuit.

320 2459 397 2521 ltem
424 2479 551 2521 causam
577 2461 659 2521 inter
684 2460 897 2521 Laurencium
922 2461 1040 2542 Sporar
1065 2461 1214 2521 comitem
1240 2460 1480 2521 communitatis

215 2582 320 2629 nostre
345 2567 420 2628 anni
446 2567 501 2627 tx
526 2567 642 2648 quinti,
667 2581 811 2648 tempore
837 2566 994 2645 judicatus
1018 2565 1173 2627 Anthonii
1198 2565 1256 2626 filii
1281 2565 1422 2644 Thome,
1446 2581 1479 2627 et

215 2675 355 2735 concivis
379 2674 490 2751 nostri,
515 2688 545 2735 et
570 2674 651 2735 inter
676 2672 811 2734 Paulum
837 2673 1008 2755 lagathycz
1033 2672 1165 2748 dictum,
1191 2671 1382 2749 carnificem,
1400 2691 1476 2733 con·

215 2781 300 2842 cives
317 2796 452 2857 nostros,
478 2781 606 2841 racione
624 2799 688 2839 non
707 2779 936 2861 apreciacionis
957 2778 1100 2839 maccelli
1126 2791 1156 2838 et
1172 2779 1324 2839 animalia
1349 2779 1474 2839 venalia

215 2909 270 2970 per
293 2889 395 2970 ipsum
422 2887 579 2969 pascentis
604 2887 635 2947 in
660 2885 820 2946 territorio
844 2885 926 2946 dicte
953 2885 1087 2945 civitatis
1112 2884 1196 2962 juxta
1222 2885 1328 2945 literas
1352 2898 1474 2945 nostras

214 2995 391 3072 comitales,
413 3014 471 3055 nos
487 2994 628 3054 seniores
645 2992 767 3071 judices
791 2993 874 3052 dicte
892 2991 1027 3052 civitatis
1048 3011 1104 3072 per
1129 2991 1233 3072 ipsum
1260 2990 1473 3051 Laurencium

214 3102 332 3183 Sporar
356 3101 394 3161 ad
421 3120 479 3161 nos
503 3099 708 3181 appellatam,
732 3098 838 3158 taliter
861 3097 1126 3176 adjudicavimus,
1151 3096 1239 3178 quod
1265 3097 1331 3178 ipse
1357 3097 1475 3157 Paulus

213 3207 387 3288 lagathych
413 3207 498 3285 juxta
523 3220 554 3267 et
578 3226 675 3287 penes
693 3206 800 3267 literas
824 3218 947 3264 nostras
965 3203 1131 3264 comitales
1156 3203 1260 3284 ipsum
1286 3203 1475 3263 maccellum

213 3313 318 3375 eidem
346 3313 523 3374 Laurentio
540 3313 664 3373 solvere
689 3311 866 3386 tenebitur;
891 3311 930 3370 de
955 3329 1019 3391 quo
1038 3309 1158 3388 judicio
1183 3309 1250 3390 ipse
1276 3309 1394 3369 Paulus
1411 3328 1475 3368 non

213 3433 381 3481 contentus
407 3420 436 3479 in
463 3419 660 3500 presenciam
686 3418 827 3498 magistri
846 3417 1091 3477 tau'arnicorum
1111 3416 1266 3495 regalium
1293 3414 1477 3496 appellavit,

212 3538 243 3586 et
267 3526 359 3586 datus
383 3541 427 3585 cst
445 3526 489 3585 eis
506 3525 661 3585 terminus
677 3539 808 3584 octavus
830 3524 898 3583 dies
916 3521 985 3583 festi
1011 3522 1094 3583 beati
1114 3522 1242 3583 Martini
1257 3522 1476 3602 comparendi.

247 3744 343 3819 lesia
372 3755 467 3818 sexta
498 3747 651 3834 proxima
686 3752 764 3814 ante
792 3744 914 3814 festum
946 3741 1033 3812 beati
1064 3741 1199 3812 llartini
1228 3743 1374 3829 episcopi
1404 3749 1437 3810 et

741 3868 955 3938 confessoris.

719 4029 764 4100 (7.
789 4021 974 4100 norrembris).

320 4168 396 4229 ltem
424 4168 525 4228 Lucas
557 4166 708 4246 antiquus
732 4163 854 4243 juratus
885 4162 989 4242 primo
1018 4160 1077 4221 fuit
1102 4160 1214 4221 citatus
1245 4173 1354 4219 contra
1380 4158 1474 4218 Nico-

214 4275 300 4337 laum
326 4289 478 4351 sutorem,
503 4292 567 4333 non
591 4271 780 4351 comparuit.

319 4381 396 4443 ltem
421 4399 548 4440 causam
575 4378 656 4439 inter
680 4377 845 4438 dominam
872 4374 1019 4435 Vrsulam
1040 4373 1314 4453 Chutltovyczam
1340 4384 1370 4431 et
1395 4371 1476 4431 inter

218 4489 368 4570 Egidium
395 4486 434 4548 de
460 4487 566 4546 Mlalra
602 4485 729 4545 racione
762 4481 928 4543 cuiusdam
962 4481 1038 4541 ciste
1064 4479 1201 4560 reposite
1234 4478 1314 4538 circa
1340 4475 1475 4537 candem

213 4596 379 4659 dominam
412 4593 571 4668 Vrsulam,
603 4592 731 4651 racione
763 4588 954 4670 suspicionis
990 4587 1138 4647 videlicet
1180 4599 1213 4646 ut
1249 4603 1329 4645 uxor
1361 4582 1473 4665 prefati

213 4702 319 4784 Egidii
344 4700 384 4763 de
410 4700 515 4761 Mlalta
541 4696 740 4780 deposuisset
765 4694 927 4776 quandam
952 4693 1062 4755 cistam
1089 4693 1119 4753 in
1146 4691 1246 4752 domo
1270 4688 1392 4771 prefate
1416 4689 1473 4749 do·

212 4808 299 4871 mine
324 4806 449 4884 Vrsule,
474 4825 536 4888 que
562 4804 697 4886 prestitit
713 4802 931 4884 juramentum
958 4799 990 4861 in
1007 4819 1061 4860 ara
1084 4813 1190 4860 sancte
1215 4796 1341 4872 Crucis,
1358 4810 1393 4857 ut
1410 4795 1478 4878 ipsa
