3488 5272
237 319 280 397 64
612 320 698 377 Anno
721 330 812 396 1454.
837 352 880 362 —
904 314 956 379 18.
972 320 1123 395 januarii.

239 529 307 611 ipse
332 528 497 611 quoddam
522 527 620 590 fenile
644 549 717 591 cum
741 542 823 591 terra
847 529 879 591 in
901 548 1015 611 campo
1040 541 1071 590 et
1093 529 1255 593 territorio
1279 529 1417 593 civitatis
1432 548 1504 613 pre·

240 636 324 699 dicte
349 635 489 697 habitam
515 636 620 718 ipsum
634 686 638 692 .
645 635 780 717 juridice
797 650 1044 699 concernentem
1061 635 1186 719 prelato
1211 636 1355 720 Georgio
1372 636 1504 721 pellihci

238 742 373 823 legasset
397 742 466 823 jure
490 742 678 825 perhennali
703 743 943 825 possidendam,
973 743 1113 825 ideoque
1138 764 1197 807 nos
1221 757 1338 807 terram
1361 758 1394 807 et
1416 742 1502 805 idem

238 848 335 911 fenile
361 850 391 912 in
417 849 577 912 territorio
603 849 739 912 civitatis
764 849 908 912 habitum
942 868 1015 911 cum
1039 850 1105 911 suis
1137 850 1330 913 utilitatibus
1352 862 1384 913 et
1406 850 1503 933 perti·

238 958 360 1019 nenciis
384 957 541 1020 universis
565 954 689 1038 prefato
712 956 855 1037 Georgio
880 955 983 1036 jurato
1008 976 1044 1016 ac
1069 976 1125 1037 per
1141 975 1215 1018 eum
1239 956 1306 1018 suis
1329 954 1504 1019 heredibus

237 1065 405 1127 statuimus
437 1076 468 1125 et
499 1061 761 1124 confirmavimus
793 1074 949 1144 perpetuo
989 1060 1221 1143 possidendum
1254 1074 1285 1123 et
1319 1061 1504 1145 quomodo-

239 1190 377 1252 cumque
399 1170 538 1232 voluerit
562 1167 812 1249 disponendum.

344 1276 422 1337 ltem
440 1273 617 1357 Elyzabeth
631 1274 777 1336 obstitrix
795 1273 878 1334 dicta
894 1272 1135 1356 Skrobothycza
1148 1293 1206 1356 per
1223 1272 1503 1356 adjudicationem

238 1381 413 1461 juratorum
446 1381 549 1461 jurare
582 1380 742 1441 tenebitur
773 1391 888 1440 octavo
921 1379 973 1440 die
1006 1398 1101 1461 super
1129 1400 1179 1459 eo,
1212 1392 1247 1442 ut
1270 1399 1372 1462 nepos
1403 1380 1505 1463 ipsius

240 1486 416 1571 Elyzabeth
442 1486 586 1547 mulieris
611 1485 697 1567 ipsos
721 1486 804 1547 duos
835 1484 976 1546 florenos
1000 1486 1067 1546 auri
1101 1499 1131 1548 et
1154 1487 1212 1547 XL
1236 1486 1398 1565 denarios,
1421 1504 1505 1569 quos

238 1614 295 1677 per
319 1594 423 1675 ipsum
456 1606 606 1674 nepotem
640 1592 791 1653 dominus
824 1592 921 1674 Elyas
953 1592 1148 1673 presbitero
1174 1612 1207 1652 se
1239 1592 1431 1654 subtraxisse
1455 1591 1503 1654 di·

240 1702 341 1777 cebat,
374 1701 413 1761 ab
447 1700 515 1781 ipso
549 1712 665 1780 nepote
690 1718 748 1759 suo
781 1718 846 1759 non
880 1698 1023 1780 percepit
1055 1717 1114 1759 nec
1148 1699 1214 1781 ipse
1238 1717 1340 1780 nepos
1364 1718 1420 1761 eos
1442 1698 1503 1761 sibi

239 1806 428 1889 apportavit.

262 2005 358 2079 Feria
388 2016 485 2078 sexta
514 2011 668 2095 proxima
697 2013 773 2095 post
801 2006 922 2077 festum
954 2008 1043 2077 beati
1073 2004 1233 2078 Anthonii
1262 2006 1475 2079 contessoris.

738 2156 804 2227 (18.
822 2159 993 2235 jrrrturtrt'r').

344 2300 420 2361 ltem
452 2300 543 2381 jurati
577 2300 799 2381 adjudicarunt
831 2320 959 2361 causam
994 2300 1131 2361 Emerici
1163 2300 1256 2381 jurati
1283 2299 1338 2363 filii
1371 2300 1502 2363 Thome

239 2407 378 2485 sartoris,
412 2408 537 2488 nepotis
569 2407 700 2467 domine
733 2408 844 2485 Elene,
878 2408 959 2469 inter
991 2408 1095 2489 ipsum
1125 2420 1155 2468 et
1188 2408 1269 2469 inter
1299 2407 1502 2471 Anthonium

240 2512 429 2595 Oprasnych
454 2533 490 2574 ac
515 2512 718 2575 Clementem
743 2513 782 2573 de
808 2514 929 2591 Posega
955 2527 985 2574 et
1014 2514 1095 2574 inter
1120 2514 1293 2575 Martinum
1320 2514 1503 2577 Kordinecz

240 2639 346 2679 coram
365 2620 410 2680 eis
427 2633 457 2681 et
475 2639 581 2680 coram
608 2619 701 2679 nobis
725 2634 858 2695 motam,
882 2619 936 2680 tali
955 2620 1065 2697 niodo,
1091 2634 1124 2680 ut
1149 2620 1216 2701 ipse
1242 2619 1407 2681 Emericus
1431 2620 1502 2682 lite·

239 2738 325 2786 ratus
349 2724 574 2803 aldomasium,
599 2725 686 2806 quod
712 2726 788 2806 ipsis
816 2724 994 2803 Anthoni0,
1019 2726 1179 2787 Clementi
1207 2741 1237 2788 et
1263 2726 1402 2788 Murtino
1427 2725 1503 2789 dare

240 2830 387 2911 promisit
411 2830 486 2891 dare
512 2831 616 2907 debet,
635 2831 786 2911 ipsosque
809 2830 1020 2909 Anthonium,
1046 2830 1248 2893 Clementem
1274 2845 1305 2892 et
1330 2832 1504 2893 Martinum

241 2938 280 2997 ab
307 2937 448 2997 ulteriori
483 2937 675 3017 inpetitione
710 2937 808 3018 ipsius
841 2937 978 2997 Emerici
1003 2938 1117 2998 literati
1156 2938 1355 2999 reddidimus
1378 2937 1506 3019 quietos

241 3058 271 3104 et
298 3043 481 3124 expeditos;
507 3044 658 3123 idemque
684 3044 783 3103 eciam
805 3044 970 3105 Emericus
993 3045 1136 3104 literatus
1161 3044 1200 3105 de
1217 3044 1421 3124 obligatione
1439 3042 1505 3121 illa,

241 3149 279 3209 ud
306 3168 401 3229 quam
428 3170 460 3211 se
486 3149 642 3230 obligavit
666 3169 759 3209 causa
784 3150 814 3209 in
837 3151 1002 3231 premissa,
1028 3149 1124 3230 judici
1151 3166 1181 3211 et
1206 3150 1316 3231 juratis
1341 3149 1506 3211 modernis

240 3275 340 3335 usque
366 3271 513 3316 octavum
540 3258 626 3315 altem
652 3255 748 3315 dehet
772 3256 947 3337 inpendere
972 3254 1238 3317 satisfaccionem.

346 3362 421 3422 ltem
456 3362 531 3442 quia
557 3360 717 3441 Georgius
750 3377 851 3423 sartor
883 3362 985 3422 dictus
1012 3361 1237 3423 Kerchmarich
1271 3362 1302 3421 in
1335 3358 1505 3423 manifesto

241 3466 325 3528 furtu
351 3484 509 3528 certorum
543 3469 704 3549 lignorum
731 3467 877 3547 Gregorii
914 3466 1063 3549 lutiliguli
1098 3468 1172 3528 dicti
1200 3468 1308 3550 Zaylto
1334 3467 1506 3549 compatris

239 3573 287 3633 sui
312 3587 356 3633 est
376 3588 541 3654 reppertus
566 3594 582 3634 a
607 3588 704 3651 certo,
731 3574 881 3654 idemque
901 3574 1010 3655 Zayko
1037 3572 1212 3654 Gregorius
1236 3574 1357 3634 dietum
1384 3572 1503 3635 lurtum

241 3693 288 3740 ter
302 3680 476 3760 repetendo
494 3695 601 3741 contra
622 3682 724 3762 ipsunt
744 3680 921 3761 Georgium
937 3700 1043 3741 coram
1063 3682 1155 3741 nohis
1169 3680 1345 3762 proposuit,
1364 3680 1503 3761 ideoque

242 3784 333 3865 jurati
367 3786 589 3859 adjudicarunt
622 3788 720 3868 ipsam
751 3808 878 3847 causam
911 3788 984 3847 dicti
1020 3786 1092 3849 lorti
1127 3788 1180 3848 tali
1218 3788 1326 3865 modo,
1363 3801 1397 3848 ut
1430 3786 1504 3849 licet

241 3891 307 3974 ipse
328 3891 488 3973 Georgius
512 3913 570 3975 pro
588 3894 731 3974 predicto
755 3892 839 3955 furtu
865 3894 1015 3975 suspendi
1035 3894 1207 3971 debuisset,
1232 3907 1337 3954 tamen
1357 3912 1501 3954 commu·

243 4000 325 4061 nitas
349 4014 413 4060 tota
431 4000 490 4060 sibi
516 3999 610 4060 talem
628 4001 768 4080 graciam
786 4000 930 4078 lecimus,
955 4000 1042 4083 quod
1062 4000 1128 4082 ipse
1147 4000 1306 4081 Georgius
1323 4019 1381 4081 pro
1399 3999 1501 4081 prima

241 4106 443 4167 correccione
469 4106 585 4185 expelli
611 4106 705 4167 debet
730 4106 769 4166 de
794 4106 921 4167 civitate
947 4121 976 4167 et
1001 4108 1039 4167 tle
1058 4108 1126 4168 eius
1151 4106 1321 4184 territorio,
1347 4118 1442 4187 prout
1458 4120 1505 4167 est

241 4211 448 4273 ellectualiter
472 4212 633 4293 expulsus,
657 4213 893 4274 committentes
918 4214 976 4273 sihi
1006 4214 1060 4274 tali
1088 4214 1197 4291 modo,
1222 4226 1256 4272 ut
1281 4212 1320 4272 de
1344 4227 1449 4273 cetero
1474 4225 1504 4274 et

241 4339 297 4400 per
322 4318 460 4400 amplius
485 4318 568 4378 idem
595 4316 754 4397 Georgius
779 4318 817 4378 ad
843 4320 1003 4379 civitatem
1022 4335 1052 4380 et
1076 4320 1145 4380 eius
1169 4318 1364 4379 territorium
1389 4318 1429 4379 de
1454 4337 1503 4380 ce·

240 4440 309 4486 tero
334 4445 398 4486 non
424 4426 539 4487 debeat
564 4426 690 4503 intrare,
716 4425 813 4505 quisi
840 4426 870 4486 in
896 4425 1022 4486 civitate
1048 4426 1164 4487 eteius
1188 4425 1504 4507 territorioamplius

242 4546 407 4612 reppertus
424 4530 528 4609 fuerit,
546 4532 630 4611 iuxta
648 4550 703 4592 sua
721 4530 874 4594 demerita
890 4551 1005 4613 penam
1024 4552 1121 4613 quam
1140 4531 1334 4593 demeruerit
1351 4530 1503 4613 pacietur.

767 4738 930 4755 ——CD-Ou·
949 4744 978 4751 -.-
