3488 5272
154 352 159 362 ,
242 287 304 368 346
612 287 699 345 Anno
718 283 813 363 1469.
838 319 881 329 -
904 299 955 362 24.
972 285 1124 362 januarii.

348 500 425 562 Item
458 517 586 560 causam
619 498 700 559 inter
733 496 922 558 Thomaslto
956 509 1109 557 sartorem
1142 509 1172 555 et
1208 493 1289 556 inter
1321 508 1508 557 executores

240 607 421 670 testamenti
446 606 585 668 condam
611 605 789 668 Clementis
815 602 971 684 Hungari,
997 601 1088 681 jurati
1111 601 1314 680 invenerunt,
1338 600 1426 682 quod
1445 601 1504 684 ipsi

242 728 426 776 executores
449 729 511 774 tres
537 711 613 773 feria
638 724 724 773 sexta
742 710 887 793 proxime
912 724 1046 771 ventura
1068 708 1171 789 jurare
1195 710 1400 786 tenebuntur,
1417 708 1504 788 quod

244 819 303 901 ipsi
328 839 393 881 non
412 818 592 880 effoderunt
616 817 752 899 parietes
768 818 942 878 domorum
964 829 995 876 et
1019 815 1239 897 pavimentum
1264 815 1381 875 domus
1404 814 1504 895 ipsius

241 927 379 988 condam
411 925 601 1003 Clementis,
634 943 730 1006 quam
764 923 869 985 eidem
902 922 1089 984 Thomaslro
1121 921 1349 997 vendiderant3
1382 934 1412 982 et
1445 920 1505 982 hoc

241 1033 343 1094 eciam
368 1032 497 1114 jobagio
522 1032 665 1093 eiusdem
692 1029 795 1093 facere
824 1044 950 1093 tenetur
974 1042 1005 1091 et
1029 1029 1143 1108 jurare.

348 1139 423 1200 ltem
452 1159 580 1200 causam
606 1138 687 1199 inter
704 1137 913 1199 Valentinum
940 1136 979 1196 de
1004 1136 1172 1216 Zawersya
1198 1148 1228 1194 et
1252 1133 1333 1194 inter
1351 1132 1505 1195 Mathiam

240 1265 424 1327 arcuparem
451 1247 579 1307 racione
606 1243 809 1325 impulsionis
833 1241 1047 1324 quarumdam
1073 1258 1252 1322 caprarum,
1277 1240 1344 1321 ipse
1370 1238 1506 1300 Mathias

241 1351 440 1413 estimatores
472 1352 687 1433 dampnorum
721 1348 798 1411 feria
831 1349 971 1410 secunda
1003 1346 1149 1430 proxime
1182 1359 1314 1406 ventura
1346 1345 1505 1406 adducere

241 1458 410 1519 tenebitur.

347 1564 423 1626 Item
449 1563 664 1643 juramentum
692 1562 791 1622 Paulo
815 1581 935 1641 genero
954 1560 1142 1643 Scrinarych
1167 1572 1276 1621 contra
1302 1557 1502 1619 Anthonium

240 1670 378 1749 iudicem
401 1671 529 1730 racione
553 1668 756 1750 depascionis
781 1666 886 1729 fenilis
911 1668 1010 1750 ipsius
1036 1666 1189 1728 Anthonii
1215 1664 1339 1745 judicis,
1364 1664 1423 1725 sibi
1448 1663 1503 1724 ad·

242 1776 430 1856 judicatum,
454 1775 603 1858 deposuit
628 1788 662 1836 ut
686 1774 807 1836 debuit.

321 1994 417 2067 lexin
446 1998 553 2067 tercia
583 1997 735 2084 proxima
765 2003 843 2065 oute
882 1994 1003 2066 festum
1032 1995 1119 2064 beati
1149 1992 1244 2064 Pauli
1273 1993 1429 2080 apostoli,

636 2118 675 2189 de
704 2137 789 2189 anno
819 2115 1102 2189 ucccttxvuu.

748 2271 814 2350 (24.
832 2272 1001 2347 januarii).

346 2413 422 2475 ltem
447 2414 522 2493 quia
547 2413 680 2494 provida
697 2412 813 2473 mulier
836 2411 998 2473 Dorothea
1024 2427 1134 2472 vocata
1163 2412 1253 2473 aliter
1279 2414 1372 2473 Kwsa
1399 2414 1500 2474 nomi-

239 2532 323 2596 nata,
348 2519 487 2601 primum
513 2519 621 2580 relicta
646 2517 783 2578 condam
817 2517 912 2578 Blasii
941 2517 1097 2579 carnificis
1129 2518 1386 2601 Chwdawchych
1413 2520 1501 2598 dicti,

239 2625 317 2686 olim
351 2625 429 2686 civis
460 2625 542 2686 dicte
575 2625 729 2701 civitatis,
762 2643 846 2684 nunc
879 2643 954 2684 vero
988 2643 1117 2684 consors
1153 2624 1314 2685 Valentini
1347 2624 1503 2685 carnificis

242 2732 384 2792 Herman
418 2731 512 2809 dicti,
544 2731 621 2791 civis
653 2731 786 2790 Abbatis
819 2730 1051 2811 zagrabiensis,
1087 2731 1117 2790 id
1151 2731 1289 2791 evidenti
1315 2732 1500 2792 testimonio

242 2838 417 2919 proborum
443 2838 585 2899 virorum
612 2850 642 2898 et
666 2838 849 2898 concivium
874 2851 1057 2898 nostrorum
1081 2837 1338 2918 (comprobavit),
1364 2853 1397 2898 ut
1422 2838 1498 2898 dum

241 2943 386 3005 Thomas
418 2942 513 3004 frater
553 2943 695 3004 eiusdem
728 2944 881 3021 carnalis,
924 2942 1008 3004 filius
1044 2944 1181 3004 condam
1215 2943 1378 3005 Benedicti
1416 2945 1498 3024 agri·

240 3050 310 3110 cole
344 3050 434 3110 aliter
467 3049 573 3110 Bedek
607 3050 700 3126 dicti,
733 3050 811 3110 olim
851 3050 991 3111 concivis
1023 3051 1141 3125 nostri,
1186 3051 1216 3110 in
1252 3052 1399 3111 extremis
1435 3051 1498 3112 vite

239 3176 296 3217 sue
324 3156 509 3236 temporalis
535 3156 717 3233 laborasset,
743 3171 817 3216 tunc
843 3156 908 3237 ipse
930 3157 1103 3236 quamdam
1130 3158 1316 3237 porcionem
1340 3178 1429 3217 suam
1456 3159 1501 3218 vi-

240 3261 365 3322 nealem
393 3262 422 3321 in
449 3263 608 3322 territorio
634 3262 717 3323 dicte
742 3262 877 3323 civitatis
895 3263 1047 3338 habitam,
1072 3263 1177 3343 ipsum
1202 3279 1273 3343 post
1289 3265 1412 3324 obitum
1433 3284 1500 3346 pre·

239 3366 294 3427 lati
322 3368 484 3429 Benedicti
512 3369 607 3448 patris
639 3369 687 3428 sui
712 3368 780 3447 jure
813 3368 1005 3428 hereditario
1039 3369 1095 3428 rite
1129 3385 1158 3429 et
1190 3370 1344 3449 legittime
1373 3392 1500 3433 concer-

240 3488 379 3551 nentem,
405 3494 478 3535 curn
503 3475 614 3535 ceteris
638 3475 703 3535 suis
733 3474 924 3534 utilitatibus
956 3476 1218 3536 testamentaliter
1242 3477 1375 3556 legasset
1400 3492 1430 3538 et
1455 3479 1501 3538 di·

239 3581 385 3657 misisset,
410 3581 483 3641 ideo
510 3601 567 3641 nos
600 3581 706 3641 literas
740 3596 862 3641 nostras
891 3594 921 3641 et
953 3581 1034 3641 dicte
1061 3582 1195 3643 civitatis
1227 3602 1321 3665 super
1347 3586 1500 3665 premissa

239 3688 391 3767 porcione
417 3687 534 3747 vineali
560 3687 634 3746 dare
660 3687 809 3747 duximus
834 3687 1040 3767 assignandas
1065 3703 1095 3748 et
1120 3687 1250 3750 dandas.

347 3794 421 3853 ltem
457 3813 583 3853 causatu
618 3794 698 3854 inter
731 3793 930 3854 Demetrium
969 3793 1118 3854 claudum
1161 3809 1313 3856 sartorem
1356 3810 1385 3857 et
1421 3797 1500 3858 inter

241 3899 418 3979 Georgium
445 3899 659 3980 lelorvchych,
685 3899 776 3977 jurati
801 3901 904 3961 taliter
936 3900 1169 3978 adjudicarunt,
1195 3903 1280 3981 quod
1308 3903 1387 3963 illud
1413 3905 1499 3984 quod

239 4005 306 4086 ipse
333 4005 513 4065 Demetrius
538 4006 666 4065 servivit
691 4007 795 4066 eidem
821 4007 963 4087 Georgio
982 4021 1011 4066 et
1032 4004 1148 4067 fecerat
1166 4010 1418 4071 consensionem
1437 4031 1499 4072 ser·

238 4111 304 4172 vire
330 4111 369 4171 ad
394 4130 514 4170 annum
533 4125 562 4170 et
587 4112 713 4171 recessit
738 4114 777 4171 ab
806 4132 902 4189 annn,
928 4113 993 4192 ipse
1017 4112 1176 4192 Georgius
1204 4114 1301 4175 nichil
1326 4117 1498 4197 obligatur,

239 4216 294 4278 sed
313 4217 453 4297 precium
480 4217 566 4296 quod
586 4218 672 4297 prius
689 4218 818 4278 servivit
843 4219 902 4277 sibi
926 4239 983 4299 pro
1008 4238 1072 4297 quo
1092 4239 1153 4279 uon
1181 4237 1375 4283 convenerat
1392 4244 1499 4284 secum

237 4323 278 4383 ad
311 4322 508 4382 ebdomadas
541 4323 607 4403 ipse
641 4322 800 4401 Georgius
835 4337 961 4384 tenetur
990 4325 1094 4384 eidem
1129 4326 1252 4386 solvere
1286 4343 1315 4388 et
1347 4329 1499 4409 pelicium

239 4429 408 4510 antiquum
444 4429 531 4509 quod
565 4429 658 4489 habet
692 4429 758 4509 ipse
791 4430 972 4490 Demetrius
996 4431 1100 4490 eidem
1135 4448 1289 4511 quantum
1323 4436 1406 4496 valet
1437 4438 1498 4497 sol-

238 4556 311 4598 vere
335 4548 469 4596 tenetur.

345 4640 421 4702 ltem
447 4660 575 4701 causam
602 4640 683 4701 inter
708 4640 896 4703 Thomaslto
917 4655 1070 4703 sartorem
1096 4658 1125 4703 et
1150 4661 1335 4709 executores
1360 4649 1497 4711 condam

238 4748 415 4811 Clementis
447 4747 597 4809 videlicet
629 4746 819 4809 Michaelem
851 4748 1022 4829 pellificem
1053 4764 1084 4810 et
1117 4752 1279 4815 Thomam
1312 4754 1437 4839 Glazyn
1463 4777 1498 4818 ac
