3488 5272
652 277 739 333 Anno
761 272 855 354 1466.
881 311 922 319 —
940 291 997 353 50.
1021 278 1100 338 maii.

242 488 326 547 cium
354 488 435 548 inter
469 489 556 569 ipsos
587 509 643 570 per
675 488 797 569 priores
823 487 941 565 juratos
972 487 1191 566 adjudicatum
1224 488 1453 551 confirmarunt
1475 503 1509 552 et

243 594 402 655 dederunt
426 596 599 656 terminum
624 595 800 655 solutionis
825 614 881 676 per
912 595 1051 656 eundem
1077 596 1290 657 baccalarium
1316 596 1419 657 eidem
1448 596 1507 679 Sy-

243 702 333 762 moni
360 702 536 763 solutionis
558 703 691 764 tercium
717 702 814 764 diem.

347 826 423 887 ltem
457 827 603 888 Thomas
637 826 769 887 Cheden
802 842 911 887 contra
946 827 1087 888 blasium
1120 826 1260 907 judicem
1293 827 1505 910 Ztoytnylych

241 934 373 1010 dictum,
398 934 502 1015 primo
535 934 647 993 citatus
673 933 800 992 racione
834 933 1066 1014 vituperiorum
1099 952 1163 993 non
1197 932 1374 1013 comparuit
1399 933 1430 994 in
1456 932 1505 1012 ju·

241 1039 326 1100 dicio
351 1059 459 1099 coram
484 1040 586 1100 nobis.

347 1164 422 1224 ltem
450 1163 534 1223 idem
561 1164 706 1223 'l'hornas
731 1162 864 1222 Cheden
890 1163 988 1222 modo
1017 1163 1164 1224 similiter
1189 1178 1297 1224 contra
1324 1163 1505 1225 iohannem

241 1270 381 1349 judicem
400 1270 516 1329 llolsalt
542 1271 646 1350 primo
671 1269 784 1329 citatus
802 1289 865 1328 non
891 1270 1069 1350 comparuit
1087 1270 1118 1329 in
1136 1269 1257 1349 judicio
1274 1290 1381 1331 coram
1399 1270 1504 1333 nobis.

348 1394 425 1455 ltem
449 1413 576 1454 causam
596 1395 677 1453 inter
693 1394 834 1453 Blasium
858 1394 1017 1454 seniorem
1036 1394 1186 1472 juratum,
1209 1407 1363 1455 sartorem
1381 1409 1411 1456 et
1427 1414 1504 1455 cou-

240 1502 342 1562 civem
369 1516 524 1578 nostrum,
549 1514 579 1560 et
605 1500 685 1560 inter
705 1500 831 1560 l'etrurn
854 1500 1028 1580 agricolam
1054 1500 1092 1560 de
1112 1500 1191 1560 ultra
1210 1502 1350 1579 Zawam,
1376 1501 1502 1562 ratione

240 1608 407 1668 cuiusdam
433 1607 530 1667 debiti
551 1607 687 1667 duorum
707 1605 773 1665 flor.
793 1608 872 1683 artri,
898 1626 962 1686 quo
982 1608 1039 1687 ipsi
1059 1607 1187 1667 racione
1216 1607 1382 1668 cuiusdam
1402 1607 1503 1685 vinee,

241 1715 358 1794 quibus
384 1715 448 1794 ipse
475 1713 611 1773 condam
639 1713 772 1772 Nicolao
799 1713 924 1772 literato
941 1714 1156 1794 obligabatur,
1181 1713 1405 1794 adjudicarunt
1428 1713 1503 1795 quia

242 1821 322 1880 sicut
347 1820 503 1879 Martinus
528 1818 620 1896 judex
647 1834 791 1899 tempore
820 1820 866 1878 sui
902 1818 1059 1890 iudicatus
1090 1840 1217 1880 causam
1244 1820 1345 1901 ipsam
1378 1819 1494 1901 adjudi

241 1927 324 1987 cavit
349 1926 407 2006 ipsi
435 1926 540 1985 Blasio
558 1924 748 2002 satisfacere,
775 1925 847 1984 ideo
874 1925 966 2001 iurati
984 1926 1207 2006 adjudicarunt
1225 1927 1310 2008 ipsos
1334 1926 1417 1987 duos
1434 1928 1504 1989 flor.

244 2035 420 2115 peripsum
441 2034 567 2094 Petrum
598 2052 698 2113 usque
725 2032 1037 2112 quintumdecimum
1067 2034 1151 2093 diem
1177 2032 1300 2094 solvere
1319 2048 1348 2095 et
1377 2034 1503 2094 vineam

243 2142 344 2223 ipsam
371 2160 427 2222 pro
452 2160 483 2199 se
510 2140 625 2200 habere
651 2139 709 2219 ipsi
737 2140 840 2199 l'etr0.

347 2266 423 2325 ltem
450 2283 577 2324 causam
611 2264 729 2324 nobilis
760 2263 891 2323 domine
924 2263 1048 2343 Agatha
1079 2279 1199 2342 vocate,
1232 2264 1340 2326 relicte
1366 2263 1503 2325 condam

242 2372 361 2433 Mathis
387 2371 611 2452 Knnoberyclr
630 2383 659 2431 et
678 2370 758 2430 inter
776 2370 941 2430 dominam
960 2371 1102 2431 relictam
1120 2371 1257 2431 condam
1278 2370 1402 2433 Nicolai
1420 2371 1504 2432 auri·

242 2477 321 2538 fabri
348 2491 377 2537 et
402 2476 485 2537 lilios
510 2476 653 2536 eiusdem
680 2476 806 2536 racione
833 2476 961 2536 illorum
980 2477 1118 2536 duorum
1144 2497 1313 2557 equorum,
1339 2477 1430 2557 iurati
1448 2476 1505 2538 ad·

241 2583 462 2661 judicaverunt
487 2602 581 2663 super
605 2582 717 2641 maiori
744 2582 787 2642 rei
815 2582 980 2642 evidentia
1006 2603 1104 2663 penes
1128 2602 1200 2642 suas
1217 2583 1505 2665 comprobaciones

241 2701 271 2750 et
297 2688 461 2749 evidencia
487 2687 680 2748 documenta
706 2687 808 2765 jurare
842 2689 1001 2749 tenebitur
1027 2687 1102 2748 feria
1136 2690 1233 2750 tercia
1259 2690 1403 2771 proxime
1427 2710 1505 2750 ven-

240 2810 309 2855 tura
335 2809 406 2874 post
432 2794 544 2854 festum
572 2794 750 2868 'l'rinitatis,
776 2796 805 2854 in
834 2815 883 2869 eo,
909 2796 996 2874 quod
1023 2796 1088 2874 ipsa
1119 2796 1162 2855 nil
1189 2816 1245 2856 nec
1272 2796 1436 2856 modicum
1461 2799 1502 2858 ab

243 2901 356 2960 euclem
376 2901 513 2960 cotulam
539 2900 674 2959 Nicolao
692 2899 865 2976 aurifabro,
882 2901 936 2959 secl
963 2921 1020 2960 ner
1046 2900 1186 2982 prefatus
1203 2903 1334 2961 maritus
1360 2901 1503 2963 eiusdem

242 3008 271 3067 in
299 3021 414 3066 sortem
441 3007 616 3066 solucionis
635 3007 775 3085 ipsorum
802 3006 939 3066 tluorum
960 3027 1116 3086 emiorum
1136 3010 1277 3088 percepit
1302 3010 1360 3068 nisi
1379 3022 1503 3070 tantum

243 3114 345 3192 ipsunt
374 3132 471 3172 uuum
499 3112 565 3173 llor.
592 3114 671 3180 auri,
697 3132 792 3192 quem
820 3113 885 3192 ipse
911 3114 1061 3173 Nicolaus
1079 3114 1237 3175 aurifaber
1263 3116 1367 3174 eidem
1393 3116 1502 3197 propi·

242 3232 356 3291 nasset,
383 3219 412 3277 in
439 3238 490 3277 aru
516 3233 622 3278 sancte
648 3220 760 3278 lirucis
783 3220 918 3280 solatnet
943 3236 1081 3300 prestare
1107 3223 1275 3282 tenebitur.

348 3342 423 3400 ltem
449 3341 561 3400 eadem
588 3342 717 3402 domina
751 3344 835 3421 juxta
868 3346 1053 3406 mandatum
1088 3348 1172 3425 regie
1199 3347 1373 3407 Maiestatis
1397 3349 1502 3410 litera·

240 3448 369 3521 tarium,
397 3447 610 3521 juramentum
636 3449 769 3509 solamet
794 3450 939 3510 similiter
966 3452 995 3511 iu
1018 3472 1069 3511 ara
1095 3468 1201 3512 sancte
1228 3454 1339 3514 Crucis
1364 3470 1501 3536 prestare

239 3554 399 3613 tenebitur
425 3573 519 3633 super
544 3554 692 3635 dampnis
717 3570 746 3615 et
773 3555 877 3635 fatigis
903 3557 932 3615 in
967 3560 1195 3637 prosecucionc
1222 3560 1363 3640 ipsorum
1390 3561 1501 3641 viginti

239 3673 312 3719 octo
339 3659 406 3719 llnr.
440 3660 517 3733 auri,
544 3675 573 3719 et
607 3661 682 3718 clum
710 3660 824 3733 jurabit
856 3663 922 3741 ipsa
956 3663 1086 3723 duttritra
1121 3664 1255 3743 Agatha,
1288 3681 1403 3727 extunc
1437 3667 1502 3749 ipsa

240 3766 370 3825 elotnina
389 3767 496 3825 relicta
517 3766 614 3845 ipsius
639 3767 774 3827 condant
794 3769 918 3828 Nicolai
937 3769 1088 3830 aurifabri
1107 3786 1136 3830 et
1159 3771 1213 3831 lilii
1235 3773 1377 3832 eiustletn
1398 3774 1503 3835 eidem

240 3871 370 3931 domine
397 3891 496 3951 usque
523 3874 655 3932 tercium
682 3874 765 3933 diem
795 3891 865 3954 pust
888 3876 989 3955 ipsum
1010 3876 1222 3949 juramentum
1248 3879 1501 3941 satisfaccionem

242 3976 343 4037 facere
370 3993 399 4037 et
426 3978 610 4058 impendere
637 3980 695 4058 ipsi
722 3979 812 4049 iurati
847 3981 1088 4057 atljtulicarunt3
1121 3985 1160 4044 cle
1184 4005 1248 4065 quo
1275 3986 1393 4059 iudicio
1419 3988 1502 4068 ipso·

240 4104 308 4142 rum
337 4084 512 4157 juratorum
538 4085 683 4145 'l'lromas
708 4085 792 4159 lilius
818 4088 915 4168 ipsius
945 4091 1080 4150 cunilam
1108 4092 1232 4152 Nicolai
1258 4092 1411 4155 aurifabri
1437 4115 1500 4156 nott

238 4203 406 4249 contentus
432 4189 469 4249 acl
494 4191 635 4250 seniores
660 4192 832 4271 appellarit
858 4193 988 4267 iudices.

345 4315 420 4374 ltem
446 4336 572 4376 causam
600 4318 680 4377 inter
698 4319 866 4378 Nicolaum
885 4335 1038 4381 sartorem
1065 4338 1094 4381 et
1113 4323 1192 4382 inter
1215 4325 1365 4385 comitem
1393 4340 1499 4387 nostre

239 4422 478 4482 communitatis
504 4423 630 4483 racione
649 4424 813 4484 cuiusdam
840 4439 931 4499 terre,
957 4427 1047 4499 iurati
1067 4428 1300 4507 adjudicarunt,
1325 4431 1412 4512 quod
1435 4433 1500 4512 ipse

239 4526 391 4587 Nicolaus
416 4544 515 4587 sartor
541 4529 681 4608 predicta
708 4530 783 4589 feria
809 4534 903 4591 tercia
938 4532 1039 4605 jurare
1066 4549 1093 4593 et
1119 4550 1257 4615 prestare
1283 4539 1443 4598 tenebitur
1469 4541 1499 4599 in

237 4651 288 4691 ara
313 4650 418 4693 sancte
445 4634 568 4711 Crucis,
595 4636 682 4715 qrrotl
710 4637 774 4717 ipse
802 4637 845 4697 tril
873 4638 921 4698 vel
952 4640 1115 4700 urmlicum
1149 4642 1188 4701 tle
1218 4642 1283 4721 ipsa
1309 4658 1390 4704 terra
1415 4660 1499 4724 pust-

237 4756 335 4819 quam
361 4740 461 4821 ipsam
495 4742 582 4819 emit,
614 4742 653 4803 de
685 4757 766 4803 terra
791 4745 1031 4807 communitatis
1063 4747 1121 4807 sibi
1157 4750 1338 4829 usurpavit;
1367 4750 1405 4811 de
1432 4770 1498 4832 quo
