3488 5272
240 377 280 419 22
645 357 731 414 Anno
754 367 842 432 1451.
868 387 909 396 —
933 347 987 413 28.
1012 354 1091 413 maii.

240 590 304 632 non
336 569 450 648 tenuit,
481 569 538 631 sed
562 588 620 651 pro
645 566 844 630 fideiussoris
875 561 1028 627 'cautione
1062 583 1121 647 pro
1153 583 1217 646 qua
1241 564 1354 626 eadem
1388 564 1504 627 mulier

240 677 370 739 eosdem
395 677 493 738 boves
525 675 584 737 sibi
618 674 698 736 dixit
728 687 836 736 tenere
869 690 1039 754 quousque
1071 690 1130 754 pro
1154 671 1267 733 eadem
1300 669 1502 734 fideiussoris

239 784 393 846 caucione
417 781 595 845 satisfaccio
619 780 731 843 luisset
754 781 897 863 inpensa.

239 1002 336 1077 Ferit
364 1011 461 1076 sexta
482 1005 634 1093 proxima
655 1011 730 1092 post
757 1001 881 1073 festum
900 1000 989 1072 beati
1020 999 1145 1070 Vrbani
1167 1018 1250 1088 pape
1278 1006 1312 1070 et
1336 1001 1502 1072 martiris.

781 1151 846 1233 (28.
868 1154 963 1231 mair).

347 1299 424 1363 ltem
457 1298 619 1361 lohannes
651 1295 791 1359 carnifex
823 1294 908 1358 filius
940 1294 1050 1357 Guralt
1074 1307 1183 1357 eontra
1216 1294 1424 1356 Valentinum
1456 1294 1504 1376 ju·

240 1406 345 1468 dicem
370 1405 513 1468 secundo
538 1405 651 1467 citatus
675 1422 739 1465 non
765 1402 954 1485 comparuit.

346 1512 422 1574 Item
450 1510 632 1592 Stephanus
646 1529 745 1592 gener
762 1508 939 1587 Chernecz‚
963 1521 1062 1586 sutor,
1087 1520 1197 1569 contra
1214 1506 1307 1591 Gyan
1333 1507 1504 1591 pellificem

238 1621 344 1705 primo
369 1620 483 1682 citatus
506 1638 572 1681 non
597 1616 786 1699 comparuit.

345 1727 422 1789 ltem
449 1725 546 1809 Elyas
568 1738 657 1787 sutor
681 1736 790 1785 contra
816 1722 978 1784 Andream
1003 1735 1144 1783 sutorem
1170 1721 1275 1804 primo
1299 1721 1413 1784 citatus
1438 1742 1502 1785 non

238 1835 429 1919 comparuit.

345 1941 423 2005 ltem
455 1939 549 2020 jurati
582 1936 848 2017 adjudicaverunt
880 1955 1006 1998 causam
1040 1936 1122 1998 inter
1154 1935 1289 1998 Paulum
1316 1935 1442 1999 fabrum
1473 1950 1504 2000 et

239 2051 320 2113 inter
345 2047 550 2110 Franciscum
576 2044 737 2106 literatum
763 2063 798 2104 ac
823 2044 1024 2106 Ztankonem
1042 2062 1213 2126 preconem
1239 2057 1269 2104 et
1293 2043 1374 2105 alios
1397 2044 1503 2106 socios

239 2157 380 2240 ipsorum
406 2154 437 2216 in
471 2151 555 2214 lacto
587 2150 818 2233 captivacionis
849 2150 1015 2212 cuiusdam
1041 2150 1220 2231 presbiteri,
1253 2170 1291 2211 eo
1316 2149 1415 2212 modo
1447 2151 1502 2212 ad·

238 2263 472 2344 judicaverunt,
497 2272 531 2321 ut
556 2259 614 2340 ipsi
640 2276 754 2319 omnes
771 2271 932 2338 quotquot
957 2255 1086 2319 fuerunt
1103 2257 1134 2318 in
1153 2256 1219 2338 ipsa
1245 2256 1396 2318 societate
1420 2256 1503 2320 dicte

239 2368 468 2452 captivacionis
492 2384 605 2428 omnes
629 2364 748 2426 debent
771 2364 921 2445 quitquid
941 2365 1105 2446 continget
1126 2364 1202 2446 ipsis
1225 2365 1360 2444 solvere,
1386 2365 1505 2429 debent

238 2477 344 2538 subire
370 2489 400 2537 et
424 2474 560 2536 solvere.

346 2581 422 2644 ltem
449 2580 567 2642 Paulus
591 2577 680 2640 laber
704 2591 735 2639 et
753 2578 941 2640 Franciscus
966 2579 1110 2639 literatus
1133 2598 1169 2639 ac
1187 2577 1334 2662 Mychael
1361 2578 1504 2662 Dwoyek

239 2707 312 2751 cum
330 2688 424 2750 sociis
445 2706 567 2762 eorum,
592 2699 702 2747 contra
727 2703 808 2766 quos
833 2684 978 2746 Thomas
1003 2684 1137 2747 Cheden
1161 2705 1290 2747 causam
1315 2706 1405 2748 suam
1431 2706 1504 2769 pro·

239 2797 390 2879 ponebat,
415 2814 447 2856 se
471 2794 511 2856 ad
536 2792 694 2873 justiciam
720 2792 855 2853 civitatis
880 2792 996 2854 dimitti
1022 2793 1233 2874 postularunt.

346 2902 423 2963 ltem
449 2920 577 2962 causam
603 2917 700 2980 quam
719 2898 837 2960 Paulus
862 2914 892 2960 et
909 2898 1054 2960 Thomas
1079 2919 1151 2962 cum
1177 2897 1327 2961 fratribus
1351 2900 1426 2978 suis,
1445 2899 1502 2961 lilii

241 3009 370 3071 Andree
395 3007 470 3069 dicti
496 3008 605 3089 Zayko
630 3006 668 3066 dc
704 3005 861 3082 Zanab0r‚
886 3020 995 3067 contra
1031 3005 1194 3089 Mathyam
1219 3007 1355 3086 juratum
1382 3006 1503 3069 dictum

242 3112 460 3196 Kerzou'aych
493 3111 595 3174 lilium
628 3110 793 3188 lobannis,
826 3132 933 3173 coram
968 3114 1063 3174 nobis
1093 3114 1124 3173 in
1158 3111 1241 3174 lacto
1265 3114 1504 3175 testamentario

242 3221 355 3299 movit,
379 3221 484 3281 taliter
508 3217 744 3295 adjudicarunt,
778 3232 812 3279 ut
836 3219 910 3299 quia
944 3219 1010 3300 ipse
1036 3221 1128 3281 umbe
1161 3233 1265 3301 partes
1296 3241 1329 3281 se
1354 3219 1394 3279 ad
1419 3220 1504 3281 testi·

242 3328 388 3390 monium
406 3346 462 3387 seu
480 3326 519 3386 ad
544 3325 785 3386 attestacionern
805 3324 935 3386 domine
962 3324 1056 3387 Clare
1081 3327 1172 3388 aliter
1190 3326 1368 3408 Gasparina
1393 3340 1505 3389 vocate

240 3433 468 3509 submiserunt,
495 3433 626 3513 ipsaque
652 3431 784 3492 domina
812 3430 907 3493 Clara
937 3431 1114 3515 Gasparina
1147 3452 1254 3494 coram
1280 3434 1372 3494 certis
1396 3433 1506 3513 juratis

242 3560 297 3624 per
322 3560 380 3601 nos
411 3539 492 3599 circa
526 3538 626 3619 ipsam
657 3538 860 3614 transmissis,
894 3558 933 3599 eo
968 3539 1067 3599 modo
1092 3538 1234 3601 confessa
1268 3555 1323 3617 est,
1349 3556 1382 3601 ut
1408 3539 1505 3602 Lucia

242 3647 350 3708 relicta
376 3645 512 3708 condam
538 3644 692 3705 ¹lnthortii
718 3643 874 3705 carnificis
899 3659 929 3706 et
953 3646 1080 3706 tandem
1105 3666 1184 3706 uxor
1209 3647 1340 3727 predicti
1367 3646 1504 3708 condam

243 3752 371 3815 Andree
397 3752 568 3833 Zaylronis,
594 3752 670 3812 dum
704 3752 735 3812 in
770 3753 919 3813 extremis
944 3754 1006 3813 rite
1031 3773 1086 3813 sue
1120 3755 1306 3835 temporalis
1339 3754 1506 3832 laboravit,

242 3858 373 3920 totalem
406 3858 592 3939 porcionem
625 3877 715 3918 suam
749 3859 779 3918 in
812 3858 952 3939 quadam
984 3860 1093 3936 domo,
1126 3859 1226 3920 fundo
1257 3875 1287 3920 et
1319 3861 1436 3922 celario
1468 3879 1504 3921 ac

244 3963 399 4026 hedificiis
423 3964 555 4046 predicti
581 3964 718 4025 condam
749 3964 905 4026 Anthonii
939 3965 1095 4026 carnificis
1120 3967 1151 4026 in
1177 3967 1260 4026 dicta
1292 3968 1419 4027 ciuitate
1451 3966 1505 4028 ha·

244 4072 309 4133 bita
333 4086 363 4131 et
387 4071 573 4152 porcionem
591 4089 682 4130 suam
699 4071 858 4131 vinealem
877 4086 908 4133 et
925 4073 1130 4133 medietatem
1155 4087 1298 4152 segetum
1324 4089 1354 4133 et
1378 4073 1505 4155 suppel-

244 4177 398 4239 lectilium
424 4192 454 4237 et
487 4177 672 4238 utensilium
703 4177 845 4259 predicte
878 4178 994 4239 domus
1023 4179 1167 4260 predicto
1200 4179 1327 4239 Andree
1361 4179 1504 4260 Zaylroni

244 4285 314 4345 viro
337 4304 406 4360 suo,
433 4284 563 4365 ipseque
582 4285 690 4366 Zayko
716 4284 861 4345 Andreas
882 4285 958 4345 dum
976 4286 1123 4346 similiter
1148 4286 1179 4346 in
1197 4287 1344 4346 extremis
1370 4287 1432 4348 rite
1449 4305 1505 4347 sue

245 4389 430 4472 temporalis
447 4391 614 4465 laborarit,
631 4406 706 4451 tunc
731 4391 889 4471 predictas
907 4392 1124 4472 possessiones
1139 4407 1168 4453 et
1185 4408 1307 4472 segetes
1331 4408 1361 4454 et
1386 4393 1505 4454 medie-

245 4513 342 4559 tatem
367 4497 639 4578 suppellectilium
665 4513 695 4559 et
719 4499 904 4559 utensilium
924 4499 1065 4580 predicte
1091 4500 1206 4560 domus
1224 4501 1281 4582 ipsi
1308 4502 1434 4562 Andree
1451 4520 1507 4582 per

247 4604 423 4686 predictam
443 4603 573 4665 Luciam
592 4604 722 4685 legatas,
745 4604 874 4685 prelatis
899 4605 999 4668 Paulo
1014 4621 1043 4666 et
1060 4605 1188 4667 Thome
1214 4622 1244 4668 et
1261 4608 1331 4668 aliis
1354 4606 1427 4669 filiis
1443 4608 1508 4668 suis

246 4710 394 4772 similiter
417 4711 681 4772 testamentaliter
706 4711 823 4792 legarit
855 4727 1011 4793 perpetuo
1036 4713 1255 4794 possidendas,
1280 4715 1321 4776 ita
1347 4713 1507 4791 videlicet,

247 4818 337 4900 quod
361 4818 420 4901 ipsi
445 4818 572 4880 vineam
597 4816 662 4881 lilie
686 4818 827 4902 predicte
853 4819 951 4881 lucie
978 4820 1133 4897 mulieris,
1156 4840 1254 4902 quam
1278 4841 1315 4883 ex
1340 4821 1507 4903 legacione
