3488 5272
618 342 704 398 Anno
728 337 818 417 1478.
851 375 883 383 -
907 356 958 401 20.
982 344 1154 404 novembris.
1455 365 1520 427 479

256 548 289 611 in
314 549 423 611 medio
446 550 531 612 sedis
558 550 642 613 idem
668 551 785 611 mulier
801 551 921 614 scilicet
939 552 1112 614 Katherina
1136 554 1317 631 adjudicata
1336 554 1444 616 luisset
1462 576 1518 633 per

256 656 395 717 eundem
422 656 553 718 Gallum
579 658 694 739 privari
721 657 882 735 auriculis,
906 659 994 740 quod
1018 673 1050 720 ct
1077 660 1162 722 idem
1188 658 1272 739 fecit,
1297 662 1352 722 ubi
1370 662 1517 737 adjunxit

256 761 341 823 idem
366 762 493 823 villicus
516 763 604 844 quod
630 763 838 845 supplicasset
872 784 944 825 cum
978 765 1048 825 aliis
1072 766 1165 826 certis
1197 768 1339 847 personis
1363 769 1417 849 qui
1453 768 1515 847 iam

253 880 329 931 aunt
352 870 468 930 mortui
495 884 529 930 ut
552 870 657 931 eidem
693 870 852 931 auriculas
876 889 940 931 non
973 872 1169 948 abscidisset,
1202 873 1267 953 ipse
1293 873 1377 935 idem
1404 874 1517 936 Gallus

255 994 443 1057 responsum
469 975 591 1037 eisdem
624 975 762 1036 dedisset
793 977 880 1056 quod
912 997 1003 1038 secus
1034 998 1098 1039 non
1132 977 1245 1039 faciam
1270 980 1329 1040 nisi
1355 981 1442 1060 quod
1468 980 1517 1058 jus

256 1081 388 1143 invenit.

360 1186 437 1248 ltem
463 1186 623 1268 Georgius
649 1187 795 1248 l‘alchicz
820 1188 858 1248 de
886 1189 1050 1250 Kralewcz
1082 1187 1183 1250 fassus
1207 1189 1289 1270 (est),
1313 1192 1401 1273 quod
1428 1193 1512 1254 idem

253 1292 369 1353 mulier
394 1291 466 1354 fecit
490 1294 549 1354 sibi
570 1293 666 1355 Gallo
691 1294 809 1355 lurtum
835 1295 866 1355 in
888 1295 988 1356 tribus
1005 1296 1178 1377 manipulis
1202 1311 1232 1356 et
1256 1294 1315 1357 luit
1331 1298 1511 1373 adjudicata

253 1399 283 1459 in
309 1400 452 1463 villicatu
478 1399 640 1462 Cralewcz
672 1400 848 1461 secundum
870 1400 1025 1478 judicium
1060 1421 1171 1463 eorum
1205 1404 1321 1484 privari
1347 1406 1511 1483 auriculis,

251 1504 326 1587 quia
352 1520 383 1567 et
406 1506 554 1587 primitus
585 1521 651 1567 erat
682 1507 714 1567 in
739 1508 856 1567 talibus
888 1521 1009 1588 reperta
1028 1522 1057 1569 et
1089 1509 1189 1568 eciam
1215 1506 1273 1569 luit
1298 1511 1437 1588 exulata,
1470 1514 1511 1573 ob

251 1610 332 1671 hanc
357 1631 484 1673 causam
509 1632 574 1673 non
607 1611 750 1674 fecerunt
775 1613 878 1675 eidem
896 1614 1035 1693 graciam
1059 1629 1089 1674 et
1107 1613 1165 1675 luit
1189 1628 1284 1675 tracta
1303 1635 1359 1697 per
1383 1617 1512 1678 cordam

251 1732 281 1779 et
305 1714 365 1780 luit
402 1717 482 1780 lassa
518 1720 586 1780 sola
610 1719 698 1801 quod
737 1720 841 1780 eidem
875 1721 907 1781 in
943 1721 1062 1781 eisdem
1097 1722 1197 1781 tribus
1229 1723 1401 1803 manipulis
1432 1724 1511 1785 milii

250 1823 369 1887 lurtum
397 1824 539 1900 lecisset;
564 1840 594 1887 et
621 1827 705 1887 idem
735 1826 890 1905 adjunxit,
921 1828 1009 1907 quod
1042 1827 1147 1888 eidem
1173 1827 1299 1888 villicus
1323 1848 1393 1889 cum
1420 1830 1513 1890 certis

249 1930 321 1991 aliis
345 1932 454 2012 probis
477 1933 687 2014 supplicasset
712 1947 745 1992 ut
769 1933 875 1993 eidem
903 1933 1062 1993 auriculas
1094 1953 1158 1994 non
1183 1935 1381 2012 abscidisset,
1404 1949 1511 1996 tamen

252 2035 337 2098 idem
363 2036 477 2099 Gallus
501 2038 605 2100 noluit
629 2038 716 2098 aliud
743 2036 845 2099 lacere
870 2039 929 2099 nisi
957 2039 1044 2119 quod
1071 2039 1119 2118 jus
1143 2040 1318 2115 adinvenit,
1343 2042 1397 2101 ubi
1425 2042 1510 2102 idem

250 2144 388 2226 quadam
416 2141 491 2204 feria
517 2145 656 2205 secunda
674 2144 831 2225 captivata
855 2142 964 2205 luisset
989 2159 1018 2206 et
1035 2146 1180 2225 sequenti
1207 2146 1258 2205 die
1282 2148 1414 2206 sabbato
1439 2148 1509 2227 (sic)

248 2247 429 2326 adjudicata
455 2247 573 2311 luisset.

355 2355 431 2417 ltem
456 2355 573 2416 tercius
605 2356 692 2416 testis
724 2354 883 2434 Georgius
915 2354 1119 2416 Scoruathicz
1151 2356 1189 2415 de
1220 2356 1384 2416 Kralcsscz
1409 2354 1509 2415 lassus

248 2475 293 2522 cst
317 2480 356 2521 eo
380 2461 480 2522 modo
505 2462 586 2522 sicut
609 2461 769 2522 secundus
792 2461 890 2535 testis,
916 2461 974 2521 nisi
994 2461 1110 2521 minuit
1134 2460 1221 2541 quod
1249 2461 1373 2541 ignorat
1398 2461 1436 2520 de
1455 2481 1507 2543 pc·

246 2567 364 2629 ticione
390 2567 486 2628 villici
513 2582 542 2628 et
568 2568 704 2628 aliorum
730 2587 787 2648 pro
812 2567 924 2627 eadem
950 2567 1084 2627 muliere
1120 2567 1207 2647 quod
1233 2586 1297 2627 non
1323 2567 1508 2628 abscidisset

243 2674 304 2735 sibi
335 2674 504 2734 auriculas.

351 2779 428 2841 ltem
455 2780 591 2840 Michael
610 2779 764 2840 Malchicz
782 2779 911 2859 jobagio
932 2779 972 2839 de
991 2779 1154 2839 Kralcsscz
1173 2778 1272 2839 lassus
1289 2792 1334 2839 est
1352 2797 1390 2840 eo
1408 2779 1506 2838 modo

242 2885 324 2947 sicut
355 2887 471 2948 tercius
502 2886 589 2946 testis
621 2886 680 2946 nisi
713 2885 867 2961 adjunxit,
900 2884 987 2965 quod
1021 2885 1158 2945 eundem
1195 2884 1385 2946 llicbaelem
1420 2886 1504 2945 idem

243 2990 357 3054 Gallus
381 2993 501 3073 juratus
526 3005 559 3053 ut
583 2991 687 3051 cidem
716 2991 841 3051 mulieri
864 2991 1022 3051 absideret
1047 2991 1215 3067 auriculas,
1238 2991 1292 3072 qui
1321 2991 1432 3051 eadem
1460 2990 1504 3050 l·-

243 3117 313 3158 cere
340 3098 507 3175 recusavit,
525 3098 650 3177 ignorat
668 3111 773 3158 tamen
799 3097 839 3159 de
859 3097 1017 3178 peticione
1036 3097 1133 3157 villici
1160 3097 1343 3158 stallorum
1363 3096 1503 3157 virorum

242 3205 330 3286 quod
356 3205 494 3266 eundem
520 3219 684 3285 rogassent
708 3219 743 3265 ut
768 3224 831 3264 non
857 3202 1034 3264 abscideret
1058 3203 1217 3264 auriculas
1240 3222 1322 3262 suas.

348 3310 424 3371 ltem
450 3330 578 3371 causam
605 3311 686 3371 inter
711 3309 842 3372 Gallum
867 3309 1058 3370 modernum
1077 3309 1215 3388 juratum
1240 3325 1269 3369 et
1295 3309 1501 3369 Valentinum

239 3430 393 3492 sutorem,
419 3416 503 3476 idem
530 3415 643 3476 Gallus
668 3416 834 3497 proposuit
863 3415 950 3496 quod
975 3415 1034 3476 sibi
1068 3417 1214 3496 potencia
1239 3414 1310 3491 luit,
1334 3414 1421 3495 quod
1446 3415 1501 3476 de·

240 3522 311 3582 buit
333 3522 496 3583 abscidere
515 3523 674 3583 auriculas
698 3523 824 3582 cuidam
851 3521 975 3582 mulieri
995 3520 1166 3582 Katherine
1189 3522 1227 3580 de
1255 3520 1419 3581 llraleucz
1444 3540 1500 3601 pro

240 3627 382 3708 quodam
409 3624 494 3687 furtu
520 3627 599 3688 milii
618 3628 827 3708 comprobare
849 3626 1020 3702 habuisset,
1039 3626 1105 3707 ipse
1124 3625 1237 3687 Gallus
1261 3625 1382 3703 juratus
1400 3627 1498 3706 ipsam

239 3734 421 3813 potenciam
447 3735 657 3814 comprobare
683 3753 746 3793 non
773 3733 887 3813 potuit,
914 3732 1005 3810 jurati
1030 3731 1294 3809 adjudicaverunt
1319 3732 1405 3811 quod
1432 3730 1498 3809 ipse

239 3837 430 3899 Valentinus
453 3853 541 3899 sutor
566 3858 621 3921 per
646 3839 863 3899 testimonium
894 3838 1143 3919 superscriptum
1178 3839 1265 3919 quod
1290 3839 1369 3898 circa
1396 3837 1499 3917 ipsum

240 3942 372 4004 Gallum
398 3944 534 4024 juratum
561 3945 650 4020 dixit,
675 3946 821 4026 pervenit
846 3959 876 4005 et
901 3945 1076 4025 reoptinuit
1093 3960 1122 4005 et
1146 3944 1352 4027 approbavit;
1378 3956 1408 4002 et
1425 3942 1499 4022 quia

238 4046 296 4111 luit
321 4050 406 4111 idem
432 4051 548 4111 mulier
574 4051 745 4110 Kntberina
768 4053 894 4111 detenta
913 4048 990 4111 feria
1015 4052 1155 4110 secunda
1180 4066 1210 4109 et
1227 4061 1397 4107 tenuerunt
1422 4067 1499 4107 ean·

238 4156 311 4219 dem
329 4157 519 4239 captivatam
537 4176 638 4237 usque
656 4157 740 4216 diem
759 4157 893 4233 sabbati,
918 4169 948 4217 et
972 4157 1047 4236 quia
1065 4176 1164 4236 usque
1182 4169 1304 4214 tantum
1322 4154 1495 4214 terminum

238 4262 322 4324 idem
350 4262 462 4324 Gallus
493 4262 614 4340 juratus
647 4263 801 4343 potuisset
835 4263 976 4323 invenire
1010 4264 1195 4340 magistrum
1225 4261 1279 4340 qui
1312 4259 1498 4321 abscidisset

235 4368 296 4430 sibi
323 4369 492 4429 auriculas.

343 4475 417 4536 ltem
454 4495 580 4535 causam
617 4476 698 4536 inter
734 4475 909 4555 Georgium
949 4476 1125 4554 llrempycz
1162 4473 1200 4531 de
1239 4472 1421 4553 l'odbresve
1466 4488 1497 4534 et

237 4581 410 4663 quamdam
444 4582 611 4642 mulierem
646 4581 812 4642 Elisabeth
849 4579 1035 4641 Bclcbiczna
1069 4578 1151 4638 dicta
1185 4578 1311 4639 racione
1343 4578 1495 4658 depreda-

235 4686 341 4749 cionia
364 4708 399 4749 ac
423 4688 561 4749 duorum
587 4687 655 4749 lior.
683 4690 714 4748 in
738 4689 837 4748 libera
863 4700 892 4745 et
916 4685 1080 4746 communi
1106 4686 1168 4763 via,
1193 4705 1254 4766 qua
1281 4686 1364 4745 idem
1392 4685 1495 4745 Eliza·

236 4792 384 4857 beantes
416 4794 582 4879 proposuit
615 4808 723 4855 contra
757 4793 860 4873 ipsum
894 4790 1072 4871 Georgium
1102 4806 1136 4853 ut
1169 4792 1252 4852 idem
1283 4805 1363 4852 esset
1394 4790 1495 4875 predo
