3488 5272
628 355 714 412 Anno
739 365 826 430 1473·
856 386 893 395 *·
919 367 965 429 13.
990 355 1116 426 augusti.
1446 370 1512 432 429

244 569 347 628 cobus
372 567 534 626 indecem
555 566 669 626 marcis
694 565 910 639 denariorum,
932 565 1011 624 duas
1029 579 1134 646 partes
1151 563 1311 643 judicibus
1334 580 1364 626 et
1380 565 1510 626 terciam

244 685 367 754 partem
393 670 517 754 prelato
543 670 795 752 Naspolichyczc
820 670 1054 731 insolvendarn.

352 795 429 857 item
455 810 566 856 contra
584 794 749 856 Matheum
775 793 921 854 santhaui
939 793 1060 854 dictum
1075 792 1135 855 luit
1151 794 1265 855 citatus
1289 794 1328 856 N.
1346 792 1511 856 familiaris

246 901 376 964 Thome
402 901 556 963 Horwath
583 901 718 962 senioris
742 899 867 978 iudicis,
892 914 922 960 et
946 920 1010 961 non
1029 901 1209 982 comparuit
1233 920 1339 981 neque
1364 901 1437 962 loco
1460 903 1507 963 sui

244 1009 432 1092 quempiam
457 1008 554 1070 misit.

351 1133 429 1195 Item
454 1153 548 1195 causa
573 1152 636 1213 que
661 1131 888 1194 ventillabatur
913 1132 993 1192 inter
1026 1130 1188 1211 egregium
1216 1128 1429 1192 Cristoiorum
1456 1151 1509 1193 ex·

245 1253 385 1302 actorem
411 1239 630 1321 vectigalium,
655 1239 694 1299 ab
723 1259 797 1314 una,
830 1253 860 1299 et
886 1238 1027 1298 Marcum
1062 1234 1242 1297 carnificem
1267 1236 1345 1297 alias
1370 1236 1507 1313 juratum

245 1360 400 1424 nostrum,
433 1360 467 1406 ut
499 1346 530 1407 in
564 1364 691 1407 causam
724 1357 904 1422 attractum,
936 1344 1064 1404 racione
1096 1357 1127 1402 et
1160 1356 1305 1424 pretextu
1340 1342 1506 1404 cuiusdam

244 1452 332 1534 pilei,
356 1453 401 1513 uti
427 1452 514 1514 idem
540 1450 737 1540 Cristoforus
770 1466 878 1512 contra
910 1451 1048 1511 eundern
1084 1449 1226 1509 Marcum
1260 1451 1445 1530 opponebat
1477 1451 1507 1510 in

244 1559 330 1620 dicto
354 1559 502 1639 vectigali
536 1557 766 1639 deperdidisse,
791 1570 837 1617 est
868 1556 1049 1632 adjudicata
1073 1554 1220 1637 perprius
1252 1574 1308 1635 per
1332 1553 1452 1634 juratos
1477 1568 1508 1617 et

245 1665 375 1726 demum
408 1685 465 1748 per
488 1664 630 1726 seniores
662 1662 791 1743 juratos,
817 1664 858 1724 ita
882 1678 1000 1738 tamen,
1031 1676 1064 1722 ut
1096 1662 1180 1722 idem
1216 1661 1340 1721 Marcus
1365 1659 1504 1722 carnifex

243 1769 458 1850 juramentum
485 1771 516 1831 in
542 1770 676 1831 ecclesia
709 1769 792 1829 beati
818 1768 915 1829 Marci
949 1768 980 1828 in
1013 1787 1065 1828 ara
1098 1781 1204 1828 sancte
1230 1767 1343 1830 Crucis
1379 1768 1508 1849 quinto-

244 1877 369 1938 decimo
394 1875 445 1937 die
471 1876 686 1954 juramentum
713 1876 875 1957 deponere
900 1876 1047 1950 deberet;
1073 1874 1263 1956 quiquidem
1290 1875 1417 1936 Marcus
1440 1895 1506 1936 car·

243 1981 328 2043 nifex
360 1983 429 2064 ipso
462 1983 513 2043 die
545 1983 737 2044 adveniente
769 1982 984 2061 juramentum
1017 1981 1194 2042 secundum
1228 1980 1505 2057 adjudicationem

243 2100 384 2149 nostram
409 2108 468 2150 suo
492 2089 591 2150 modo
615 2089 762 2170 deposuit
787 2103 818 2150 et
842 2102 888 2148 est
911 2088 951 2147 ab
981 2086 1187 2168 impetitione
1213 2086 1311 2167 ipsius
1337 2084 1505 2147 Cristolori

245 2195 421 2258 absolutus.

244 2431 338 2505 leria
367 2441 465 2504 sexta
486 2435 640 2522 proxima
661 2443 739 2504 ante
772 2434 894 2502 festum
915 2431 1167 2519 hssumpcionis
1187 2429 1331 2518 virginis
1350 2431 1506 2518 gloriose.

762 2587 822 2660 (13.
847 2585 987 2658 irrigasti).

348 2727 425 2788 item
451 2747 546 2788 causa
579 2746 641 2807 que
674 2725 888 2787 ventilabatur
921 2724 1002 2784 inter
1039 2721 1201 2782 Andream
1235 2720 1372 2797 juratum
1397 2735 1429 2782 et
1461 2719 1504 2782 ia·

244 2834 368 2896 mulum
395 2833 562 2895 Michaelis
586 2832 733 2912 pellificis
755 2832 882 2892 racione
907 2829 1122 2911 percussionis
1145 2848 1201 2909 per
1219 2827 1322 2908 ipsum
1348 2826 1504 2888 famulum

245 2939 320 3000 dicti
359 2938 470 3000 famuli
506 2938 672 3000 Michaelis
703 2936 851 3019 pellihcis
883 2950 929 2997 est
960 2936 1151 3015 adjudicata,
1183 2947 1216 2994 ut
1248 2934 1332 2994 idem
1366 2931 1505 2994 famulus

242 3044 354 3106 decem
379 3065 500 3106 marcas
525 3045 677 3122 exsolvat,
706 3058 761 3104 aut
790 3044 814 3103 si
841 3043 969 3104 easdem
1002 3061 1073 3102 cum
1108 3041 1225 3121 quihus
1249 3039 1412 3101 exsolvere
1438 3060 1502 3101 uon

239 3150 344 3229 habet,
368 3165 444 3212 tunc
469 3152 649 3212 membrum
675 3168 747 3210 cum
772 3169 838 3230 quo
863 3148 1057 3231 perpetravit
1080 3147 1213 3208 amittat.

347 3275 423 3336 item
449 3295 542 3336 causa
576 3295 638 3357 que
671 3277 861 3335 movebatur
894 3275 1020 3335 racione
1048 3271 1212 3334 Michaelis
1244 3270 1355 3334 famuli
1382 3274 1504 3351 Koncz,

238 3381 366 3443 racione
398 3382 473 3462 quia
508 3381 591 3441 idem
626 3380 765 3441 famulus
799 3401 870 3440 cum
901 3381 996 3441 corda
1030 3400 1062 3440 se
1096 3394 1180 3440 extra
1214 3399 1341 3439 murum
1367 3381 1504 3441 civitatis

238 3488 341 3549 noctis
366 3488 397 3548 in
422 3488 556 3549 silencio
581 3488 765 3564 transmisit,
790 3502 836 3548 est
854 3486 1046 3565 adjudicata,
1072 3500 1104 3546 ut
1130 3487 1273 3567 corporis
1296 3488 1503 3549 truncacione

238 3593 278 3655 ad
303 3610 443 3676 quatuor
467 3609 571 3676 partes
596 3595 696 3654 dividi
721 3593 847 3655 debeat.

346 3717 423 3779 item
449 3738 542 3779 causa
568 3738 630 3799 que
656 3720 838 3778 vertebatur
864 3718 945 3778 inter
971 3717 1091 3778 Doram
1125 3716 1221 3778 filiam
1248 3719 1410 3778 Valentini
1437 3719 1502 3778 Ma·

239 3825 329 3886 risicz
354 3839 385 3886 et
413 3825 545 3885 Luciam
583 3838 629 3885 est
654 3824 845 3902 adjudicata,
872 3839 905 3883 ut
940 3824 1006 3904 ipsa
1033 3824 1116 3884 Dora
1143 3824 1207 3885 filia
1233 3825 1393 3885 Valentini
1419 3824 1502 3886 dicte

239 3931 337 3992 Lucie
361 3931 441 3992 duas
466 3951 588 3992 marcas
613 3931 755 3992 exsolvat
780 3945 810 3990 et
834 3929 993 4006 judicibus
1018 3945 1145 3991 centum
1172 3931 1329 3991 denarios.

345 4054 422 4116 Item
448 4075 541 4116 causa
566 4074 628 4134 que
654 4055 835 4115 vertebatur
861 4055 941 4114 inter
971 4054 1142 4115 Martinum
1168 4074 1354 4135 arcuparem
1379 4070 1409 4115 et
1435 4058 1500 4114 An-

240 4160 350 4223 dream
383 4158 542 4224 famulum
575 4161 719 4222 eiusdem
764 4160 891 4220 racione
924 4162 1130 4221 serviciorum
1168 4174 1214 4220 est
1245 4160 1437 4237 adjudicata,
1469 4177 1503 4221 ut

238 4267 384 4348 quelibet
407 4287 479 4350 pars
504 4269 600 4348 eligat
632 4268 713 4326 duos
746 4267 880 4326 idoneos
912 4269 997 4326 viros
1021 4282 1050 4326 et
1082 4267 1197 4327 auditis
1229 4268 1372 4347 partibus
1396 4268 1500 4328 discu-

238 4372 324 4435 ciant
347 4375 524 4435 secundum
553 4374 667 4455 (quod)
692 4373 737 4433 eis
761 4374 863 4453 magis
888 4373 1059 4434 videbitur.

345 4498 421 4561 item
447 4518 541 4559 causa
559 4518 621 4579 que
639 4499 829 4559 movebatur
847 4498 928 4558 inter
960 4515 1091 4557 uxorem
1111 4497 1189 4578 Elye
1219 4498 1336 4558 sutoris
1360 4497 1399 4557 de
1429 4499 1499 4558 vico

237 4617 393 4681 sutorum,
426 4618 457 4666 et
489 4604 647 4685 Agatbam
684 4619 729 4664 est
761 4604 953 4679 adjudicata,
983 4618 1016 4663 ut
1048 4601 1130 4663 dictu
1155 4623 1235 4664 uxor
1268 4604 1347 4685 Elye
1373 4604 1499 4664 racione

236 4711 453 4794 percussionis
484 4710 567 4773 dicte
592 4711 715 4795 Agathe
749 4712 859 4773 decem
885 4730 998 4793 pensas
1030 4711 1173 4772 exsolvat
1189 4727 1218 4772 et
1244 4711 1404 4787 judicibus
1427 4729 1500 4773 cen·

236 4828 305 4881 turn
329 4815 491 4883 denarios.
