3488 5272
636 329 835 413 Anno1467.
860 367 904 378 -
920 346 956 410 5.
979 336 1060 396 maii.

531 547 609 608 Item
633 546 782 609 Vrbanus
805 566 905 627 gener
928 546 1126 631 Wenthych.

531 654 608 715 ltem
634 653 748 716 Gallus
771 653 906 716 institor.

531 762 609 822 ltem
634 760 746 823 Gurko
770 774 860 822 sutor
883 781 1048 823 successor
1072 763 1237 823 Benedicti
1263 763 1388 824 sutoris.

532 867 609 928 ltem
635 865 764 948 Mathey
789 866 933 949 Turcyn.

530 972 609 1034 ltem
634 973 763 1056 Mycula
788 974 963 1036 barbarius.

533 1080 610 1141 Item
635 1080 820 1142 Anthonius
842 1099 942 1160 gener
967 1081 1145 1164 Chaplych.

529 1187 606 1248 ltem
632 1187 776 1248 Andreas
800 1206 943 1269 arcupar.

530 1293 608 1354 ltem
633 1293 748 1355 Berlek
772 1294 990 1376 carpentarius
1014 1294 1161 1376 Chehyn.

533 1398 609 1460 Item
635 1399 781 1462 Thomas
805 1412 893 1461 sutor
921 1420 1093 1462 successor.

529 1504 607 1567 ltem
632 1504 739 1568 Claws
763 1506 979 1586 pancerarius.

529 1610 607 1672 ltem
632 1611 771 1673 lacobus
796 1612 965 1692 Kontigar.

531 1717 608 1779 ltem
634 1717 779 1778 Thomas
803 1737 901 1799 gener
926 1718 1104 1780 Clementis
1128 1718 1305 1801 sreniparis.

529 1824 607 1885 lrem
633 1823 774 1905 Gywrko
803 1837 902 1887 sutor.

531 1932 608 1992 ltem
634 1930 825 1991 Dominicus
847 1945 947 1991 sutor.

531 2036 610 2100 Item
636 2037 751 2098 Valent
776 2052 865 2098 sutor
887 2057 987 2118 gener
1015 2038 1177 2119 Koczyan.

532 2145 609 2205 ltem
635 2143 719 2205 lwan
744 2158 843 2205 sutor.

319 2270 395 2331 Item
427 2267 540 2350 prelati
565 2267 748 2329 Anthonius
772 2267 867 2347 judex
899 2287 935 2328 ac
961 2267 1064 2348 jurati,
1096 2268 1269 2329 consiliarii
1304 2288 1377 2329 cum
1401 2287 1476 2329 con-

212 2396 308 2439 sensu
333 2391 362 2438 et
387 2375 613 2437 commissione
638 2394 674 2435 ac
690 2374 833 2435 unanimi
858 2387 889 2435 et
913 2374 1064 2434 concordi
1096 2375 1261 2435 voluntate
1286 2389 1316 2435 et
1349 2374 1477 2435 decreto

212 2483 317 2546 tocius
340 2481 580 2543 communitatis
605 2479 856 2541 omniadecreta
878 2493 909 2541 et
929 2494 1044 2541 statuta
1068 2495 1133 2541 tam
1159 2480 1190 2541 in
1216 2481 1354 2561 presenti
1379 2500 1476 2562 quam

213 2602 243 2650 et
254 2591 285 2650 in
299 2587 440 2668 antiquis
452 2587 587 2648 cateruis
605 2587 721 2648 nostris
734 2599 883 2648 contenta
901 2601 931 2647 et
947 2587 1137 2668 conscripta,
1151 2588 1259 2668 quoad
1274 2607 1387 2648 omnes
1404 2588 1476 2648 arti·

212 2695 304 2756 culos
328 2708 358 2755 et
389 2707 506 2774 puncta
530 2713 566 2754 ac
591 2692 749 2754 clausulas
774 2693 961 2753 eorumdem
990 2706 1180 2754 statutorum
1213 2709 1244 2754 et
1275 2694 1476 2755 decretorum

213 2821 270 2883 per
293 2814 396 2861 totum
414 2819 534 2861 annum
552 2799 707 2881 presentis
732 2798 890 2878 judicatus
915 2798 1014 2880 ipsius
1039 2798 1193 2860 Anthonii
1214 2799 1328 2877 judicis
1352 2814 1383 2860 et
1399 2818 1476 2861 con·

212 2919 384 2989 sequenter
407 2927 443 2966 ac
468 2907 619 2988 deinceps
642 2905 710 2988 jure
743 2920 897 2988 perpetuo
926 2918 957 2966 et
975 2905 1224 2967 irrevocabiliter
1248 2905 1477 2968 confirmarunt

213 3034 340 3096 semper
365 3013 500 3075 valitura
525 3026 556 3074 et
583 3012 716 3074 firmiter
739 3012 950 3075 observanda.

241 3213 336 3286 Faria
367 3215 473 3284 tercia
503 3215 656 3301 proxima
685 3221 760 3301 post
791 3213 914 3284 festum
943 3214 1152 3286 lnvencionis
1182 3225 1297 3286 sancte
1325 3215 1451 3292 Crucis.

653 3339 802 3425 proxime
831 3341 1040 3426 preteritum.

759 3492 803 3565 (5-
827 3490 925 3565 mais).

319 3632 396 3693 ltem
421 3632 496 3712 quia
522 3630 669 3692 Thomas
686 3630 829 3692 literatus
853 3630 938 3692 lilius
956 3632 1092 3693 Emerici
1119 3632 1158 3693 de
1185 3634 1298 3712 Hegen
1324 3633 1355 3693 in
1375 3635 1476 3694 mani·

213 3739 291 3800 festa
318 3738 503 3820 spolacione
523 3737 617 3797 unius
641 3737 715 3817 equi
740 3752 771 3799 et
791 3751 948 3798 certarum
968 3757 1073 3799 rerum
1098 3754 1128 3800 et
1146 3741 1304 3800 bonorum
1330 3759 1365 3800 ac
1383 3740 1475 3799 vesti·

214 3861 396 3908 mentorum
422 3845 587 3927 Myhowyl
618 3845 804 3905 mercatoris
836 3844 875 3905 de
911 3845 1103 3923 hlodrussi0,
1138 3847 1305 3908 residentis
1331 3847 1360 3906 in
1387 3847 1474 3906 terri-

214 3953 298 4014 torio
323 3953 406 4014 dicte
423 3952 570 4028 civitatis,
596 3966 626 4012 et
651 3951 681 4011 in
700 3951 828 4032 publica
855 3952 904 4012 via
922 3972 978 4034 per
1003 3953 1107 4034 ipsum
1126 3953 1289 4014 Thontam
1314 3953 1474 4014 literatum

213 4079 308 4140 super
340 4060 443 4139 ipsum
477 4057 642 4139 Myhowyl
676 4055 766 4119 lactis
797 4073 827 4119 et
861 4060 990 4140 patratis
1022 4075 1067 4121 est
1093 4075 1244 4141 repertus,
1277 4061 1352 4140 quia
1379 4061 1476 4141 ipsius

212 4165 286 4247 equi
324 4180 354 4225 et
390 4165 526 4225 aliorum
567 4164 713 4244 superius
755 4165 994 4227 nominatorum
1039 4167 1194 4226 indicium
1235 4166 1320 4247 apud
1371 4167 1475 4247 ipsum

213 4273 377 4335 Thomam
402 4287 449 4332 est
473 4285 645 4353 repertum,
671 4286 765 4353 prout
789 4271 849 4333 hoc
882 4272 1017 4354 ipsemet
1041 4273 1186 4334 Thomas
1212 4273 1243 4333 in
1268 4272 1342 4335 sede
1368 4287 1474 4333 nostra

214 4379 379 4458 judiciaria
404 4392 449 4438 est
474 4396 581 4438 coram
606 4391 711 4438 nostra
737 4392 803 4439 tota
828 4380 1059 4441 communitate
1083 4380 1259 4455 confessus,
1284 4380 1357 4440 ideo
1382 4378 1475 4454 jurati

213 4486 295 4547 dicte
327 4485 463 4547 civitatis
496 4485 600 4567 ipsum
633 4486 797 4549 Thomam
830 4487 990 4547 literatum
1023 4488 1250 4567 spoliatorem,
1283 4486 1360 4547 feria
1389 4501 1475 4548 sexta

213 4593 357 4676 proxime
383 4606 527 4671 ventura,
552 4593 610 4675 ipsi
637 4593 788 4655 Michaeli
810 4608 864 4654 aut
889 4612 945 4675 per
968 4613 1001 4654 se
1026 4593 1077 4654 vel
1101 4613 1158 4675 per
1174 4594 1270 4656 aliam
1295 4612 1476 4678 personam,

213 4717 308 4780 quam
334 4699 401 4781 ipse
427 4698 571 4760 invenire
596 4699 767 4777 tenebitur,
790 4700 986 4783 suspendere
1004 4701 1035 4761 in
1061 4701 1207 4784 patibulo
1231 4702 1315 4765 dicte
1339 4701 1476 4764 civitatis

215 4805 376 4869 tenebitur
396 4803 485 4886 juxta
506 4823 563 4866 sua
588 4804 753 4869 demerita.
