3488 5272
636 323 835 399 Anno1475.
861 356 900 366 -
927 318 976 382 18.
1000 324 1113 397 apn'lis.
1444 338 1504 400 44¹

350 534 427 594 ltem
454 533 484 593 in
510 552 603 593 causa
635 533 764 594 racione
799 533 873 614 equi
908 533 988 592 inter
1026 531 1225 593 Anthonium
1263 533 1441 594 institorem
1479 548 1510 594 et

245 640 389 702 Blasium
407 640 581 716 Zteniczki‚
607 654 652 700 est
669 638 888 718 adjudicatum
906 659 961 720 per
980 639 1100 719 judices
1129 653 1267 719 prestare
1293 638 1508 719 juramentum

244 746 351 808 eidem
368 745 546 823 Anthonio,
570 744 658 826 quod
678 746 742 825 ipse
760 765 873 806 sanum
892 765 1010 826 equum
1029 744 1160 805 dederat
1177 757 1208 805 et
1231 759 1388 826 quantum
1407 745 1510 820 valet;

244 867 276 915 et
300 853 361 915 hoc
386 853 539 936 prestabit
563 867 678 913 octavo
703 853 754 913 die
779 873 796 912 a
821 852 872 912 die
897 853 1048 933 presenti.

352 961 430 1022 ltem
455 979 511 1043 per
535 958 775 1020 attestacionem
799 959 974 1039 proborum
993 959 1135 1018 virorum
1160 958 1282 1038 judices
1306 958 1510 1037 adjudicave-

245 1082 330 1144 runt,
355 1066 443 1148 quod
470 1065 632 1126 lohannes
656 1065 694 1125 de
721 1065 883 1143 owicza,
907 1081 1006 1141 sutor,
1037 1065 1179 1125 concivis
1204 1080 1321 1144 noster,
1346 1079 1393 1127 est
1417 1085 1511 1127 verus

246 1189 277 1236 et
300 1174 476 1255 legittimus
501 1187 650 1234 executor
679 1173 825 1232 omnium
859 1173 1019 1233 bonorum
1053 1172 1190 1232 condam
1217 1171 1372 1233 lobannis
1395 1174 1511 1234 sutoris

244 1280 284 1341 de
310 1280 461 1341 owicza
479 1279 627 1341 similiter
651 1278 792 1338 concivis
810 1279 920 1355 nostri,
939 1278 1067 1339 illorum
1087 1279 1247 1339 bonorum
1270 1292 1300 1339 et
1324 1298 1509 1360 rerumque

245 1386 408 1449 commisit
431 1405 591 1468 exponere
616 1406 674 1467 pro
698 1387 805 1446 anima
830 1406 896 1447 sua.

352 1493 429 1554 ltem
456 1494 486 1554 in
512 1513 605 1554 causa
624 1493 706 1553 inter
729 1492 931 1553 Anthonium
951 1493 1129 1553 institorem
1155 1506 1185 1553 et
1210 1492 1445 1573 Margaretham
1464 1513 1510 1554 re·

246 1600 354 1662 lictant
380 1599 518 1660 condam
551 1599 693 1660 Simonis
717 1599 822 1676 Zterlt,
854 1599 919 1680 ipsa
955 1598 1156 1678 Margaretha
1189 1600 1294 1681 primo
1326 1600 1419 1661 citata
1446 1619 1509 1660 non

249 1706 439 1790 comparuit.

247 1942 344 2018 terra
363 1948 470 2018 tercia
490 1944 641 2034 proxima
662 1954 738 2035 post
758 1945 880 2016 festum
895 1945 1055 2034 Tyburcii
1077 1955 1109 2016 et
1130 1944 1298 2017 Valeriani
1319 1948 1509 2016 martirum.

773 2096 838 2171 (18.
862 2098 993 2173 apriles).

356 2240 433 2302 ltem
458 2260 515 2322 per
532 2238 726 2320 fidedignam
745 2239 985 2300 attestacionena
1006 2243 1180 2321 proborum
1207 2240 1361 2317 virorum,
1387 2239 1508 2300 Antho-

247 2346 320 2408 nius
336 2344 420 2407 filius
438 2345 616 2408 Clementis
633 2346 672 2406 de
691 2345 927 2406 Chernomercz
949 2346 1172 2427 comprobavit
1189 2345 1356 2427 quomodo
1373 2345 1509 2406 condam

248 2453 401 2515 dominus
424 2452 572 2534 Filippus
596 2453 674 2513 olim
700 2453 856 2533 plebanus
872 2454 971 2513 sancti
997 2453 1124 2514 Martini
1148 2454 1178 2513 in
1204 2453 1269 2513 suis
1293 2452 1442 2513 extremis
1466 2452 1510 2513 le·

245 2559 333 2641 gavit
357 2558 462 2620 eidem
486 2559 654 2620 Anthonio
686 2558 848 2638 quandam
875 2559 1000 2620 vineam
1031 2560 1060 2619 in
1096 2573 1204 2620 monte
1231 2559 1333 2641 llycza
1358 2559 1439 2620 inter
1463 2559 1508 2618 vi·

247 2685 323 2728 neas
348 2666 487 2727 Emerici
513 2664 718 2726 Sidowchich
753 2666 792 2725 ab
825 2685 886 2725 una
911 2679 998 2747 parte
1033 2680 1062 2725 et
1087 2665 1242 2726 Anthonii
1265 2667 1374 2746 generi
1409 2666 1511 2726 Pano·

246 2772 346 2848 wicz;
368 2786 399 2835 et
422 2791 517 2854 super
543 2771 654 2832 eadem
681 2771 808 2832 dabitur
830 2772 890 2832 sibi
916 2773 1006 2832 litera
1031 2772 1280 2834 communitatis.

354 2878 430 2939 ltem
457 2878 488 2938 in
515 2897 608 2938 causa
634 2877 715 2938 inter
740 2877 930 2939 Michaelem
948 2898 1101 2957 generum
1121 2879 1257 2939 condam
1286 2879 1370 2938 Luce
1394 2879 1511 2939 sutoris

247 2998 278 3046 et
313 2984 491 3066 Georgium
529 2983 738 3065 Hocchewar,
773 2985 857 3045 idem
893 2984 1091 3046 Hocchevvar
1123 2985 1265 3045 secundo
1299 2985 1413 3046 citatus
1444 3005 1509 3046 non

248 3090 439 3173 comparuit.

352 3197 430 3259 ltem
455 3196 487 3257 in
513 3217 605 3258 causa
631 3198 713 3258 inter
737 3199 893 3259 lacobum
924 3199 1080 3277 Kontigar
1105 3214 1134 3258 et
1160 3197 1339 3278 Georgium
1357 3213 1512 3277 sutorem,

248 3303 334 3365 idem
360 3302 520 3384 Georgius
544 3318 632 3364 sutor
656 3304 761 3385 primo
786 3305 899 3365 citatus
923 3325 986 3365 non
1013 3307 1202 3384 comparuit.

354 3410 431 3472 ltem
457 3410 532 3491 quia
558 3410 647 3471 litere
672 3431 767 3491 snper
790 3411 924 3472 domum
950 3412 1077 3472 l'home
1103 3411 1269 3472 Zorethicz
1295 3413 1457 3493 perierunt
1481 3426 1512 3471 et

247 3516 287 3578 ad
312 3517 427 3578 trinam
447 3517 738 3599 proclamacionem
757 3519 918 3599 publicam
937 3518 1065 3578 easdem
1085 3520 1222 3598 reperire
1237 3538 1301 3578 non
1328 3533 1512 3599 potuerunt,

248 3622 321 3684 ideo
345 3623 561 3684 communitas
586 3623 726 3684 decrevit
751 3624 857 3685 eidem
880 3625 954 3685 dare
980 3624 1048 3704 jura
1074 3639 1103 3685 et
1121 3625 1227 3684 literas
1251 3625 1290 3686 de
1315 3645 1400 3685 novo
1417 3644 1511 3705 super

247 3729 384 3791 eundem
408 3729 554 3808 domum,
588 3745 618 3790 et
650 3731 751 3791 eciam
777 3731 864 3813 quod
897 3732 996 3793 libere
1021 3746 1125 3813 potest
1158 3732 1293 3792 eandem
1319 3731 1456 3791 vendere
1481 3745 1511 3790 et

248 3835 418 3919 disponere
443 3856 650 3918 quocumque
676 3839 735 3898 sibi
762 3839 911 3919 placeret.

353 3942 431 4003 ltem
449 3943 480 4003 in
499 3963 591 4004 causa
611 3945 691 4004 inter
710 3945 909 4005 Anthonium
929 3947 1105 4006 institorem
1131 3961 1160 4006 et
1180 3944 1382 4004 l'alentinum
1400 3962 1511 4023 sporar

251 4050 378 4112 racione
402 4048 564 4112 fruetuum
583 4052 749 4112 cuiusdam
769 4053 869 4130 nucis,
894 4074 949 4134 per
974 4053 1094 4131 juratos
1111 4052 1328 4123 adiudicatum
1348 4064 1404 4128 est,
1421 4049 1509 4131 quod

250 4155 335 4219 idem
360 4156 544 4219 Anthonius
581 4174 626 4219 est
659 4160 823 4219 convictus
856 4159 887 4220 iu
920 4161 1065 4240 potencia
1100 4161 1172 4240 quia
1199 4158 1317 4218 tructus
1342 4157 1432 4217 nucis
1463 4176 1510 4217 re·

247 4264 342 4347 cepit,
365 4279 397 4326 et
421 4263 542 4326 fructus
567 4265 661 4326 debet
685 4266 829 4327 reddere.

353 4370 431 4432 ltem
457 4372 488 4433 in
513 4392 606 4432 causa
633 4373 714 4433 inter
741 4373 866 4433 Petrum
888 4373 981 4433 chh
1008 4389 1037 4432 et
1065 4374 1190 4433 Petrum
1212 4372 1321 4431 Koucz
1345 4369 1436 4441 iurati
1454 4370 1509 4429 ad·

248 4475 481 4559 judicaverunt,
505 4479 593 4561 quod
620 4480 729 4542 Petrus
755 4481 865 4541 Kouez
890 4481 992 4541 solvet
1016 4480 1119 4540 eidem
1146 4486 1288 4559 precium
1315 4478 1409 4537 unius
1434 4476 1508 4537 unni

248 4596 281 4645 et
302 4601 457 4667 expensas
480 4605 575 4669 super
598 4587 715 4668 quibus
739 4587 854 4666 jurabit
880 4587 909 4646 in
936 4602 1049 4646 octavo
1074 4586 1137 4647 die.

354 4688 432 4753 item
456 4691 489 4753 in
513 4710 607 4754 causa
632 4692 714 4754 inter
740 4693 881 4753 Marcum
908 4691 1086 4752 carnificem
1113 4707 1143 4752 et
1171 4690 1366 4751 Demetrium
1393 4689 1509 4755 Siczko

246 4794 336 4865 idem
358 4796 485 4864 Murcus
507 4798 682 4884 appellavit
707 4799 738 4861 in
763 4799 961 4882 presenciam
986 4799 1163 4865 seniorum.
