3488 5272
248 319 311 378 412
615 303 701 358 Anno
724 314 814 379 1472.
840 336 880 345 -
905 299 935 362 ό.
963 299 1135 362 novembn‘s.

248 514 278 573 in
305 534 357 574 ara
382 528 487 574 sancte
521 513 644 591 Crucis,
676 513 763 594 quod
799 513 864 594 ipsa
897 532 961 574 non
997 513 1219 576 dehonestavit
1252 534 1385 578 uxorem
1414 516 1514 598 ipsius

249 620 351 698 Pauli,
377 620 451 700 quia
476 621 542 701 ipse
570 621 687 680 Paulus
711 620 784 702 plus
808 640 873 680 non
899 621 1003 702 potuit
1023 621 1232 702 comprobare
1258 623 1317 683 nisi
1343 642 1512 704 persuum

248 726 436 803 auricolam,
460 740 490 786 ct
523 746 558 786 ex
585 746 623 786 eo
656 726 729 807 quia
763 726 873 807 punita
905 724 965 788 suit
996 727 1027 787 in
1060 746 1203 804 carcere;
1227 741 1258 789 ct
1282 728 1358 790 dum
1383 728 1512 810 jurabit,

247 846 322 893 tunc
347 853 456 894 secura
483 834 624 893 manebit
648 832 762 894 ancilla
788 833 887 914 ipsius
912 833 1051 896 Martini.

352 957 430 1018 Item
456 958 530 1038 quia
564 957 700 1019 Mathias
732 958 835 1020 Wura
868 974 977 1021 contra
1011 959 1201 1021 Michaeiem
1236 959 1371 1041 longum
1404 959 1512 1043 primo

246 1065 359 1125 citatus
384 1084 447 1125 non
474 1066 653 1146 comparuit
679 1065 855 1146 injudicio
880 1086 988 1127 coram
1014 1067 1118 1128 nobis.

247 1301 342 1373 Feria
372 1312 469 1373 sexta
501 1305 651 1391 proximo
681 1311 757 1392 post
786 1304 906 1374 testum
937 1305 1024 1374 beati
1055 1301 1194 1374 Emerici
1223 1303 1326 1384 ducis,
1355 1302 1512 1376 videlicet

530 1430 562 1497 in
592 1429 676 1498 sesto
706 1426 796 1498 beati
825 1426 986 1499 Leonardi
1016 1426 1228 1498 confessoris.

751 1595 797 1676 (ό.
823 1597 1008 1676 novembris).

352 1758 428 1818 Item
454 1758 528 1838 quia
556 1759 680 1817 Marcus
705 1757 846 1817 Venetus
868 1769 977 1815 contra
997 1755 1166 1815 Nicolaum
1192 1753 1340 1837 Poyeych
1366 1752 1510 1814 secundo

246 1865 361 1925 citatus
387 1865 417 1924 in
443 1864 562 1943 judicio
588 1883 651 1924 non
685 1863 874 1944 comparuit,
907 1861 982 1942 quia
1019 1862 1085 1941 ipse
1118 1861 1243 1921 Marcus
1268 1861 1386 1941 recepit
1411 1879 1443 1920 se
1470 1860 1510 1920 ad

245 1970 505 2051 jurisdiccionem
531 1969 675 2030 civitatis.

352 2076 428 2136 item
454 2076 528 2156 quia
549 2076 633 2135 idem
652 2075 804 2136 Nicolaus
822 2074 970 2158 Poyeych
989 2088 1131 2155 repertus
1155 2086 1201 2134 est
1225 2093 1280 2155 per
1305 2072 1508 2134 Anthonium

244 2182 383 2260 judicem
410 2183 440 2243 in
466 2182 598 2261 judicio,
630 2182 684 2262 qui
711 2201 743 2241 se
776 2195 936 2261 receperat
969 2181 1009 2241 ad
1042 2180 1299 2259 jurisdiccionem
1324 2180 1407 2242 dicte
1432 2181 1509 2242 civi·

243 2290 327 2367 tatis,
352 2290 406 2369 qui
432 2289 585 2349 Nicolaus
610 2289 739 2348 debebit
771 2301 872 2348 astare
903 2287 1024 2368 judicio
1051 2287 1110 2368 ipsi
1136 2286 1302 2348 Anthonio
1333 2287 1443 2367 judici,
1477 2287 1509 2348 in

244 2395 348 2475 primo
374 2394 481 2455 futuro
506 2393 625 2474 judicio
650 2394 755 2455 eidem
781 2393 972 2475 respondere
998 2393 1036 2453 ad
1063 2412 1117 2453 sua
1143 2393 1278 2472 objecta.

351 2521 426 2580 Item
452 2520 527 2599 quia
553 2520 721 2599 religiosus
746 2519 792 2578 vir
817 2517 912 2578 frater
937 2518 1093 2578 Martinus
1118 2530 1223 2578 custos
1247 2515 1379 2577 ecclesie
1403 2516 1505 2578 sancti

243 2626 402 2686 Francisci
428 2625 467 2685 de
492 2626 646 2705 Zagrabia
678 2625 793 2704 juravit
822 2625 917 2686 hodie
951 2625 989 2685 ad
1027 2643 1117 2684 suam
1150 2623 1381 2684 conscienciam
1408 2623 1504 2685 etad

242 2753 335 2792 suum
360 2733 518 2810 ordinem,
543 2733 629 2812 quod
657 2732 709 2792 illa
736 2752 841 2809 vacca,
874 2752 971 2812 quam
998 2731 1131 2810 Egidius
1156 2728 1294 2791 carnifex
1319 2749 1409 2791 suam
1435 2750 1503 2816 esse

243 2840 369 2899 dicebat
393 2855 422 2899 et
448 2841 711 2919 prosequebatur,
745 2839 829 2899 idem
863 2836 958 2899 irater
992 2838 1148 2898 Martinus
1178 2851 1322 2898 suamet
1347 2837 1421 2897 dicti
1458 2838 1507 2898 sui

243 2946 426 3006 monasterii
461 2966 544 3018 csse;
579 2946 651 3005 ideo
677 2946 742 3026 ipse
777 2945 910 3025 Egidius
946 2944 1077 3004 ulterius
1109 2943 1243 3003 eandem
1278 2962 1405 3004 vaccam
1432 2962 1505 3024 pro—

242 3054 331 3132 sequi
366 3068 394 3112 et
428 3053 587 3132 requirere
621 3072 683 3111 non
719 3052 822 3132 potuit
854 3071 911 3111 nec
948 3065 1050 3132 potest
1074 3068 1169 3130 super
1201 3049 1340 3110 eundem
1374 3048 1504 3110 fratrem

244 3159 427 3219 Matrinum.

350 3264 427 3324 Item
462 3264 536 3343 quia
569 3263 721 3322 Nicolaus
753 3262 901 3345 i‘oyeych
935 3262 1039 3342 primo
1079 3263 1192 3322 citatus
1223 3276 1331 3322 contra
1369 3274 1504 3323 matrem

242 3370 501 3452 ii'olauchycze,
526 3389 588 3428 non
608 3369 786 3448 comparuit
814 3369 843 3429 in
870 3366 1000 3447 judicio,
1026 3369 1100 3448 quia
1119 3369 1184 3449 ipse
1207 3367 1359 3428 Nicolaus
1384 3368 1504 3449 recepit

242 3496 273 3535 se
298 3476 337 3535 ad
362 3475 622 3553 jurisdiccionem
648 3474 792 3534 civitatis.

347 3600 424 3659 item
451 3600 525 3679 quia
551 3599 712 3659 iohannes
746 3598 966 3680 Soidynarycb
1000 3599 1030 3659 in
1060 3619 1188 3659 causam
1220 3612 1370 3660 attractus
1394 3612 1503 3659 contra

242 3706 361 3766 Lucam
386 3720 538 3784 sutorem,
563 3718 713 3782 actorem,
739 3706 880 3765 secundo
898 3706 1011 3765 citatus
1036 3725 1099 3765 non
1120 3705 1298 3786 comparuit
1323 3704 1353 3764 in
1372 3702 1504 3784 judicio.

347 3830 422 3889 item
449 3850 507 3889 nos
531 3830 624 3907 judex
650 3831 850 3911 supradictus
875 3849 930 3911 per
959 3830 1232 3910 composicionem
1258 3831 1432 3910 proborum
1458 3828 1504 3887 vi·

240 3955 346 3995 rorum
374 3951 502 4016 propter
527 3936 613 3996 litem
650 3937 730 3996 inter
764 3937 935 3996 Martinum
964 3935 1205 4019 Dwymowych,
1240 3949 1273 3995 ut
1297 3950 1449 4013 actorem,
1474 3948 1505 3996 et

241 4041 321 4100 inter
348 4042 524 4101 Fabianum
550 4057 702 4100 sartorem
729 4042 891 4120 claudum,
917 4043 1021 4102 taliter
1045 4063 1076 4101 se
1103 4042 1160 4123 ipsi
1186 4044 1283 4102 ambo
1308 4041 1504 4122 obligarunt,

239 4148 326 4226 quod
353 4167 556 4228 quecumque
575 4149 716 4229 parcium
736 4161 844 4208 contra
866 4149 961 4209 aliam
980 4148 1086 4228 aliqua
1105 4149 1189 4209 mala
1206 4151 1303 4209 verba
1321 4147 1370 4208 ve}
1392 4161 1504 4209 contu·

239 4254 370 4313 meliosa
398 4270 590 4335 proponeret
615 4276 631 4313 a
657 4254 728 4314 data
751 4256 950 4334 presencium
970 4255 1120 4336 deinceps
1145 4255 1193 4314 vel
1212 4254 1453 4315 diffamaciones
1470 4267 1502 4316 et

239 4358 298 4418 boc
324 4360 463 4420 evidenti
491 4361 675 4420 testimonio
709 4362 971 4441 comprobaretur
996 4380 1051 4440 per
1082 4380 1320 4441 quamcumque
1347 4361 1501 4442 parcium,

238 4466 324 4544 quod
351 4467 421 4525 talis
447 4487 516 4546 pars
550 4487 660 4546 pacem
687 4482 716 4527 et
748 4467 989 4526 ordinacionem
1024 4467 1158 4543 violans,
1192 4467 1288 4544 judici
1316 4467 1399 4527 dicte
1424 4466 1502 4527 civi·

238 4573 309 4630 tatis
333 4592 389 4651 pro
415 4589 559 4653 tempore
584 4574 728 4633 existenti
768 4574 797 4632 in
825 4573 934 4632 decem
969 4575 1083 4634 marcis
1108 4594 1165 4654 pro
1191 4593 1283 4654 pena,
1309 4587 1339 4633 ct
1363 4573 1386 4632 si
1413 4572 1499 4633 unde

237 4677 360 4737 solvere
387 4697 450 4736 non
477 4677 618 4753 haberet,
644 4679 730 4758 quod
760 4692 835 4738 tunc
868 4699 925 4759 pro
949 4679 1093 4758 qnalibet
1126 4699 1229 4740 marca
1255 4679 1352 4739 debet
1376 4678 1407 4738 in
1432 4697 1499 4739 car·

237 4802 307 4844 cere
331 4784 441 4844 sedere
467 4785 708 4846 communitatis
731 4785 858 4846 duobus
883 4785 996 4847 diebus
1021 4801 1051 4848 et
1075 4788 1200 4848 duabus
1224 4787 1384 4849 noctibus.
