3488 5272
596 311 682 367 Anno
706 306 799 387 1468.
826 345 866 353 —
890 311 920 370 ό,
949 311 1035 371 maii.

216 545 310 618 feria
342 558 440 618 sexta
471 547 622 635 proxima
656 557 731 636 post
762 548 882 618 festum
918 549 1125 620 inventionis
1155 560 1270 620 sancte
1299 550 1425 620 Crucis.

742 697 785 773 (6.
810 702 906 777 irruit).

295 842 371 902 ltem
391 842 466 922 quia
485 842 610 902 Marcus
635 839 774 902 carnifex
792 839 986 922 Guralcoych
1002 841 1115 917 dictus,
1142 840 1315 901 modernus
1332 841 1453 919 juratus

190 961 219 1008 et
253 948 395 1008 concivis
425 961 544 1024 noster,
576 947 790 1026 juramentum
823 946 883 1007 sibi
917 946 1134 1024 adjudicatum
1167 961 1275 1006 contra
1309 947 1450 1007 relictam

191 1055 328 1115 condam
355 1053 439 1115 Galli
465 1054 504 1115 de
530 1055 699 1114 Ztenotvcz
724 1052 873 1134 deposuit
897 1067 931 1112 ut
955 1052 1076 1114 debuit.
1244 1049 1248 1055 ’

295 1161 371 1222 ltem
398 1161 473 1241 quia
499 1161 595 1242 Elyas
617 1158 705 1220 fusor
722 1179 962 1240 campanarum,
986 1160 1093 1220 senior
1111 1159 1232 1238 juratus
1256 1174 1286 1220 et
1311 1160 1452 1220 concivis

189 1283 308 1345 noster,
333 1267 547 1347 juramentum
573 1267 706 1348 provide
731 1267 858 1327 mulieri
884 1266 1046 1327 Dorothea
1071 1281 1181 1327 vocate
1217 1267 1356 1327 consorti
1383 1267 1451 1326 Ste-

192 1373 327 1454 phinecz
352 1374 457 1452 jurati,
489 1373 635 1434 moderni
655 1372 747 1451 jurati
774 1386 805 1432 et
830 1372 942 1433 decani
963 1371 1151 1449 iuratorum,
1176 1392 1232 1453 per
1256 1372 1375 1450 juratos
1398 1373 1452 1432 ad·

190 1481 377 1558 iudicatum,
401 1479 521 1540 dimisit
546 1499 611 1539 non
636 1478 750 1558 jurare,
774 1478 829 1539 sed
855 1479 994 1559 quietam
1021 1479 1156 1538 eandem
1182 1477 1331 1538 reddidit.

296 1585 373 1646 ltem
399 1586 474 1666 quia
507 1585 689 1666 Stephanus
712 1583 852 1645 carnifex
885 1585 993 1666 Zaylro
1026 1585 1139 1661 dictus,
1171 1584 1249 1644 alias
1277 1583 1397 1662 juratus
1421 1600 1452 1644 et

190 1692 331 1752 concivis
356 1707 472 1768 noster,
498 1692 529 1752 id
554 1711 626 1752 cum
651 1690 821 1752 sufficienti
838 1691 1023 1752 testimonio
1053 1693 1226 1772 proborum
1251 1690 1392 1751 virorum
1419 1693 1449 1751 in

188 1798 263 1858 sede
289 1812 395 1858 nostra
422 1797 587 1874 judiciaria
612 1797 694 1858 clare
720 1797 952 1878 comprobavit,
979 1811 1012 1856 ut
1036 1797 1113 1856 dum
1139 1798 1238 1877 proba
1262 1810 1292 1857 et
1318 1795 1450 1858 honesta

189 1905 303 1965 mulier
334 1905 446 1965 Vrsula
480 1917 602 1982 vocata,
634 1904 713 1964 olim
746 1904 886 1964 concivis
918 1917 1035 1980 nostra,
1067 1904 1098 1963 in
1128 1904 1278 1964 extremis
1308 1903 1370 1963 vite
1395 1924 1449 1963 sue

189 2011 374 2092 temporalis
398 2011 583 2087 laborasset,
608 2025 683 2071 tunc
708 2011 775 2091 ipsa
800 2009 938 2071 eundem
968 2009 1167 2090 Stephanum
1193 2010 1301 2090 Zavlto
1326 2008 1449 2069 carnifi-

190 2137 257 2178 cem
284 2132 312 2177 et
347 2116 541 2197 Gregorium
574 2117 763 2194 institorem,
794 2117 953 2178 seniorem
987 2116 1136 2193 juratum,
1169 2136 1243 2176 suos
1272 2115 1396 2177 fecisset
1420 2131 1451 2177 et

189 2224 406 2284 constituisset
430 2223 667 2283 commissarios
691 2236 721 2284 et
746 2238 940 2299 executores,
970 2224 1144 2303 omniaque
1170 2224 1252 2282 bona
1278 2241 1333 2282 sua
1356 2242 1450 2303 super

190 2331 275 2410 ipsos
299 2330 510 2390 commisisset
535 2349 592 2411 pro
617 2330 723 2390 anima
747 2348 803 2389 sua
828 2330 954 2410 exponi.

296 2435 371 2496 ltem
397 2436 473 2516 quia
491 2436 609 2496 Stanka
635 2435 751 2495 mulier
769 2436 1035 2517 Krawarschycza
1055 2436 1149 2512 dicta,
1174 2435 1315 2496 concivis
1331 2450 1449 2513 nostra,

190 2542 220 2601 id
246 2539 416 2601 sufficienti
442 2541 627 2602 testimonio
652 2541 833 2601 concivium
852 2556 1033 2602 nostrorum
1059 2561 1166 2602 coram
1193 2542 1286 2602 nobis
1302 2561 1449 2622 compro·

189 2649 285 2724 bavit,
311 2663 344 2707 ut
368 2647 443 2707 dum
464 2647 600 2707 condam
618 2646 751 2728 provida
770 2647 885 2707 mulier
910 2647 1010 2708 Elena
1027 2649 1135 2707 relicta
1153 2647 1289 2708 condam
1316 2646 1448 2727 Georgii

190 2753 371 2835 Pykowych
404 2752 491 2829 dicti,
525 2753 629 2814 eidem
663 2752 780 2813 Stanke
813 2749 939 2813 vineam¹
967 2773 1056 2813 suam
1088 2753 1183 2814 simul
1216 2773 1287 2814 cum
1313 2753 1391 2813 silva
1418 2754 1448 2812 in

190 2860 308 2941 Belyalr
334 2860 474 2920 habitam
493 2860 628 2938 legasset
651 2873 681 2919 et
698 2859 879 2936 dimisisset,
904 2859 977 2920 ideo
999 2860 1100 2941 ipsam
1118 2860 1292 2940 predictam
1318 2860 1446 2920 vineam

188 2986 260 3026 cum
287 2967 428 3047 predicta
453 2966 532 3026 silva
557 2965 694 3047 provido
719 2980 750 3026 et
780 2967 1011 3048 circumspecto
1044 2968 1112 3026 viro
1137 2967 1302 3028 Anthonio
1327 2967 1445 3027 seniori

188 3072 283 3148 judici
310 3087 340 3133 et
364 3072 487 3133 concivi
513 3087 622 3132 nostro
647 3072 800 3135 vendidit.

296 3179 370 3238 ltem
405 3198 532 3238 causam
566 3179 648 3238 inter
679 3178 821 3239 relictam
854 3178 991 3239 condam
1026 3178 1178 3240 Anthonii
1213 3179 1288 3240 Rott
1313 3194 1342 3239 et
1368 3180 1449 3239 inter

190 3285 325 3344 Paulum
351 3284 523 3362 agricolam
543 3285 670 3344 racione
695 3284 860 3345 cuiusdam
888 3285 991 3360 vinee,
1009 3286 1074 3366 ipse
1094 3285 1210 3345 Paulus
1234 3284 1337 3363 jurare
1361 3300 1448 3345 tene·

190 3391 274 3450 bitur
299 3388 375 3449 feria
400 3405 485 3450 sexta
512 3391 668 3471 proxima,
700 3389 788 3470 quod
821 3390 927 3451 nullos
951 3387 1071 3452 fructus
1096 3392 1135 3452 de
1170 3392 1234 3472 ipsa
1261 3392 1352 3451 vinea
1379 3411 1448 3472 per·

188 3498 289 3578 cepit;
314 3511 345 3556 et
369 3497 446 3556 dum
472 3496 598 3573 jurabit,
616 3511 692 3557 tunc
717 3497 783 3578 ipse
805 3497 916 3578 perdet
939 3516 1041 3557 arram
1067 3510 1097 3557 et
1115 3497 1214 3577 ipsam
1240 3498 1365 3556 vineam
1391 3516 1448 3577 pro

187 3624 219 3664 se
244 3602 375 3663 tenebit.

295 3708 369 3769 ltem
394 3729 520 3769 causam
547 3709 628 3770 inter
660 3710 777 3770 Rosam
811 3708 953 3770 filarltam
980 3709 1135 3770 Croacam
1168 3723 1198 3768 et
1223 3709 1304 3769 inter
1329 3709 1446 3769 llosam

188 3830 368 3877 consortem
395 3814 525 3894 Georgii
545 3815 773 3897 Zteclarychyn
799 3831 829 3875 et
848 3816 1088 3897 Kerpanyczam
1107 3816 1233 3875 racione
1258 3815 1448 3894 suspicionis

187 3920 352 3982 cuiusdam
378 3921 542 4002 peccunia,
568 3921 634 4001 ipse
662 3923 754 3982 ambe
776 3921 918 4002 quelibet
935 3922 1099 3981 terciamet
1127 3921 1229 3999 jurare
1254 3922 1447 3981 tenebuntur

188 4030 219 4089 in
244 4048 296 4089 ara
322 4042 429 4088 sancte
455 4027 567 4087 Crucis
591 4027 692 4108 prima
719 4026 796 4088 feria
824 4043 909 4088 sexta
942 4028 1106 4108 proxima;
1131 4042 1160 4086 et
1185 4027 1261 4086 dum
1287 4025 1447 4104 jurabunt,

187 4149 263 4195 tunc
288 4134 353 4214 ipsa
379 4133 506 4193 easdem
532 4133 689 4214 impedire
714 4152 778 4193 non
804 4134 929 4214 poterit.

294 4240 370 4299 ltem
396 4258 523 4299 causam
557 4240 639 4300 inter
670 4239 859 4300 Thomaslto
887 4254 918 4300 et
951 4240 1031 4299 inter
1056 4237 1249 4318 Gregorium
1276 4237 1445 4321 pellificem

189 4348 316 4408 racione
341 4346 599 4426 vituperacionis,
617 4346 704 4425 quod
724 4347 788 4429 ipse
807 4347 910 4428 ipsum
933 4345 1046 4406 ruffian
1064 4346 1266 4426 appellasset,
1285 4346 1350 4426 ipse
1368 4345 1445 4407 Gre-

186 4453 296 4531 gorius
320 4451 421 4528 jurate
446 4451 606 4512 tenebitur
642 4452 729 4532 quod
755 4453 821 4534 ipse
846 4453 984 4513 eundem
1014 4471 1078 4512 non
1104 4451 1296 4532 appellasset
1321 4450 1446 4529 ruffian,

186 4559 241 4619 sed
268 4559 356 4618 uxori
382 4578 437 4618 sue
462 4557 603 4619 dixisset.

293 4664 369 4724 ltem
396 4664 477 4724 inter
501 4662 653 4724 Mathiam
680 4665 841 4741 claudum,
858 4679 1023 4742 sartorem,
1048 4680 1077 4726 et
1104 4665 1185 4724 inter
1202 4665 1345 4726 relictam
1371 4684 1447 4725 con·

186 4772 259 4834 dam
285 4770 436 4853 Stephani
463 4770 644 4853 lagychych
673 4773 801 4833 racione
833 4772 1009 4833 oblacionis
1040 4771 1255 4853 quarumdam
1281 4790 1387 4832 rerum
1413 4772 1445 4833 in
