3488 5272
594 319 680 374 Anno
703 316 797 393 1469.
822 349 865 360 —
888 330 939 394 24.
956 317 1107 392 januarii.
1411 332 1473 393 347

211 528 402 591 Michaelem
428 529 612 614 Jagychych
637 529 765 591 racione
789 529 970 591 effossionis
986 503 1110 591 domus,
1123 529 1260 591 condam
1285 529 1474 608 Clementis,

210 650 306 718 prout
330 638 375 698 eis
400 653 467 699 erat
497 637 715 717 adjudicatum
749 636 963 712 iuramentum
996 651 1028 700 et
1059 637 1233 699 noluerunt
1257 635 1373 717 jurare,
1397 655 1474 718 ergo

211 744 269 826 ipsi
295 763 408 806 omnes
440 761 503 806 tres
534 745 671 807 convicti
697 758 771 806 sunt
802 758 912 806 contra
944 744 1049 827 ipsum
1083 743 1271 806 Thomasko
1304 743 1335 803 in
1361 742 1472 804 decem

211 851 338 929 marcis,
362 871 497 932 quarum
531 851 594 913 due
627 866 732 933 partes
763 850 821 934 ipsi
855 851 1042 912 Thomasko
1068 865 1099 913 et
1129 850 1225 913 tercia
1250 870 1323 933 pars
1346 848 1473 927 juratis3

211 956 341 1038 dequo
365 957 485 1038 judicio
511 958 577 1041 ipse
611 956 748 1020 Michael
780 977 839 1019 suo
863 972 893 1018 et
924 956 1061 1018 aliorum
1094 975 1232 1038 quorum
1265 957 1383 1039 (supra,
1407 974 1472 1017 non

174 1131 178 1138 ,
211 1065 404 1144 contentus),
428 1065 564 1126 eandem
590 1084 717 1126 causam
742 1063 916 1147 appellavit
940 1064 980 1124 ad
1005 1063 1146 1124 seniores
1170 1062 1302 1143 judices.

316 1171 393 1233 Item
428 1190 554 1232 causam
588 1171 670 1232 inter
695 1170 889 1231 Damianum
923 1170 1096 1231 Mezanozc
1128 1183 1157 1230 et
1186 1170 1267 1230 inter
1291 1183 1473 1231 consortem

211 1275 400 1338 Thomasko
423 1279 552 1339 racione
572 1277 767 1359 perdicionis
783 1276 949 1338 cuiusdam
968 1277 1097 1339 carnicie
1114 1296 1186 1338 curn
1211 1297 1273 1359 qua
1297 1277 1474 1358 suspicatur

208 1404 303 1467 super
329 1405 460 1447 uxorem
485 1405 575 1447 suam
601 1385 753 1447 videlicet
777 1384 978 1460 Thomasko,
1001 1383 1093 1464 jurati
1124 1383 1360 1464 adjudicarunt,
1384 1384 1472 1465 quod

210 1490 277 1571 ipsa
303 1511 382 1552 uxor
407 1491 596 1553 Thomasko
621 1488 699 1552 feria
716 1504 802 1553 sexta
828 1491 866 1551 ad
886 1510 1001 1552 manus
1019 1490 1114 1552 unius
1134 1491 1227 1571 jurati
1251 1490 1367 1572 (jurare
1386 1507 1473 1552 tene·

211 1597 307 1675 bitur)
339 1598 426 1678 quod
461 1598 528 1679 ipsa
552 1598 584 1658 in
617 1597 844 1680 deperdicione
881 1597 981 1678 ipsius
1012 1597 1141 1659 camisio
1178 1598 1332 1659 innocens
1363 1613 1420 1675 est,
1444 1613 1474 1659 et

210 1702 297 1781 quod
323 1722 380 1764 nec
406 1701 505 1764 filiam
531 1703 630 1785 ipsius
655 1703 693 1765 de
719 1702 817 1764 domo
842 1722 907 1764 non
932 1703 1103 1765 destinavit
1127 1703 1166 1764 ad
1192 1703 1323 1765 servicia
1349 1725 1416 1766 sua.

317 1809 394 1870 item
420 1830 547 1871 causam
574 1810 656 1872 inter
674 1810 809 1871 Paulum
827 1807 1023 1872 aurifabrum
1047 1824 1078 1871 et
1095 1811 1177 1872 inter
1196 1812 1314 1872 Lucam
1331 1826 1472 1873 sutorem

211 1929 241 1977 ct
265 1917 347 1977 aiios
371 1917 455 1978 cives
480 1916 563 1978 dicte
588 1917 725 1978 civitatis
750 1917 877 1978 racione
903 1916 1069 1978 cuiusdam
1092 1915 1200 1978 feniiis
1224 1918 1384 2000 Zaykonis
1408 1938 1474 1980 car·

212 2021 314 2083 nificis
337 2024 367 2083 in
403 2024 562 2084 territorio
595 2024 678 2084 dicte
710 2022 846 2084 civitatis
878 2022 998 2100 habito,
1023 2024 1110 2104 quod
1143 2022 1240 2086 fenile
1265 2025 1332 2106 ipse
1357 2025 1474 2086 Paulus

211 2127 371 2190 aurifaber
403 2149 461 2211 pro
492 2150 525 2191 se
559 2144 589 2192 et
613 2130 677 2190 suis
709 2129 833 2190 colonis
864 2142 1068 2208 convenerat,
1093 2143 1122 2190 et
1159 2130 1226 2213 ipse
1251 2131 1353 2193 Lucas
1384 2145 1474 2192 sutor

211 2235 375 2316 prohibuit
400 2237 431 2297 in
456 2255 593 2318 persona
611 2235 850 2298 communitatis
871 2236 958 2317 quod
978 2237 1096 2298 vellent
1121 2235 1238 2299 habere
1256 2256 1314 2320 pro
1336 2258 1369 2299 se
1387 2256 1473 2298 corn·

211 2341 351 2402 munitas
374 2361 433 2424 pro
458 2357 543 2404 tanta
569 2342 724 2424 peccunia
756 2361 815 2425 pro
839 2357 958 2423 quanta
990 2357 1146 2403 conventa
1172 2342 1231 2404 fuit
1255 2362 1311 2424 per
1336 2343 1472 2404 Paulum

211 2446 419 2525 aurifabrum,
442 2448 535 2529 jurati
553 2448 787 2528 adjudicarunt,
811 2449 898 2529 quod
917 2450 1131 2511 communitas
1149 2450 1250 2530 magis
1274 2449 1473 2510 voluntarior

211 2566 257 2615 est
281 2554 398 2616 habere
424 2555 527 2637 ipsum
553 2553 649 2616 fenile
682 2575 740 2637 pro
765 2569 851 2616 tanta
883 2556 1037 2636 peccunia
1070 2575 1128 2636 pro
1160 2569 1279 2636 quanta
1312 2554 1370 2616 fuit
1395 2575 1471 2616 con·

211 2675 303 2722 venta
328 2663 368 2722 ab
393 2662 463 2743 ipso
488 2663 650 2744 Zaykone‚
686 2662 761 2742 quia
793 2661 892 2723 multa
925 2662 1065 2742 dampna
1097 2681 1187 2742 passa
1213 2661 1272 2724 fuit
1296 2676 1326 2723 et
1351 2664 1470 2745 patitur

210 2769 424 2830 communitas
448 2769 575 2830 racione
611 2769 709 2850 ipsius
740 2766 864 2843 fenilis3
889 2767 928 2828 de
961 2786 1027 2848 quo
1058 2767 1178 2848 judicio
1203 2767 1379 2847 juratorum
1405 2769 1471 2849 ipse

212 2874 330 2936 Paulus
347 2894 412 2936 non
430 2890 599 2936 contentus
619 2875 755 2936 eandem
774 2894 901 2935 causam
919 2874 1092 2957 appellavit
1117 2875 1157 2935 ad
1175 2874 1317 2935 seniores
1341 2875 1472 2953 judices.

317 2999 393 3059 Item
412 3019 506 3060 causa
531 3000 612 3060 inter
629 2999 759 3081 Endrey
777 3011 932 3060 sartorem
956 3013 987 3059 et
1004 2999 1085 3060 inter
1103 2999 1245 3059 Blasium
1273 2998 1471 3082 Wythesych

209 3106 335 3166 racione
360 3105 595 3166 verberacionis
613 3105 711 3186 ipsius
735 3105 863 3166 Andree
888 3119 933 3166 est
958 3118 1128 3186 prorogata
1153 3124 1253 3186 usque
1271 3104 1311 3165 ad
1328 3105 1468 3188 primum

209 3209 364 3290 judicium
388 3210 448 3271 sub
473 3210 575 3272 forma
600 3209 704 3271 fiende
729 3211 825 3291 pacis.
