3488 5272
238 316 299 399 336
639 314 842 397 Ann01468.
867 353 909 363 -
933 333 983 383 20.
1005 320 1086 379 mari.

236 531 360 591 scrineo
384 550 454 607 suo,
472 530 538 611 ipse
557 530 692 591 Mathias
709 543 810 592 sartor
834 531 936 611 jurare
954 531 1123 607 tenebitur,
1141 530 1230 610 quod
1255 531 1299 592 nil
1316 531 1368 592 vel
1383 548 1506 612 parum

237 657 308 699 cum
335 639 499 699 voluntate
524 653 554 697 er
577 637 645 698 sine
669 638 749 698 scitu
774 637 918 698 eiusdem
945 635 1055 698 fuisset
1083 650 1257 718 receptum.
1284 635 1361 698 Item
1384 636 1505 717 sagitte

237 744 355 806 debent
379 744 445 804 dari
472 743 578 824 pueris
604 743 701 824 ipsius
726 743 880 825 Stephani
909 758 939 803 et
972 743 1164 824 puImInaria
1189 741 1254 803 filie
1276 758 1350 803 sunt
1374 742 1505 821 adjudi-

238 864 304 912 cata
330 849 407 913 dari.

343 957 417 1018 Item
444 976 570 1018 causam
597 957 679 1018 inter
711 957 907 1036 bursiparem
934 973 964 1018 er
996 957 1078 1019 Inter
1102 956 1231 1019 fratrem
1264 958 1383 1019 Mathie
1416 958 1503 1019 auri-

239 1061 319 1123 fabri
347 1063 475 1124 racione
500 1063 736 1124 vuIneracionis
760 1063 903 1123 eiusdem
938 1061 1041 1125 fratris
1066 1064 1196 1142 Mathie,
1221 1064 1313 1146 jurati
1337 1062 1503 1141 adjudica·

239 1182 322 1249 runt,
347 1171 434 1251 quod
462 1170 527 1251 ipse
553 1170 697 1251 bursipar
722 1170 887 1231 convictus
911 1184 957 1230 est
976 1184 1084 1232 contra
1111 1171 1214 1252 Ipsum
1239 1171 1441 1231 vulneratum
1467 1169 1502 1229 in

240 1277 474 1358 quinquagima
499 1275 605 1357 pensis
629 1275 835 1336 denariorum
861 1289 891 1336 et
919 1275 1006 1356 quod
1039 1276 1133 1336 debet
1158 1276 1284 1337 medico
1308 1273 1502 1352 satisfacere,

240 1398 270 1445 et
295 1397 404 1444 contra
429 1381 692 1442 communitatem
719 1380 749 1441 In
777 1381 1010 1462 quinquaginta
1039 1382 1153 1443 marcis
1177 1382 1384 1444 denariorum
1409 1380 1500 1461 quod

239 1490 371 1551 violavit
397 1487 551 1569 frangam.

347 1724 441 1798 Iena
470 1736 566 1797 sexta
596 1729 749 1814 proxima
774 1736 852 1797 aute
881 1726 1003 1797 festum
1032 1729 1128 1798 beate
1156 1727 1253 1799 arene
1282 1725 1402 1816 regiae.

779 1884 844 1953 (20.
869 1882 962 1951 mair).

347 2022 423 2082 Item
450 2022 480 2081 in
514 2021 665 2082 omnibus
696 2021 798 2081 causis
832 2022 912 2082 inter
941 2021 1102 2082 Thomam
1135 2037 1288 2083 sartorem
1314 2022 1503 2085 Thomasko

241 2131 374 2205 dictum,
399 2130 558 2189 senIorcm
584 2127 733 2205 juratum,
758 2142 792 2188 ut
817 2142 955 2188 actorem
982 2130 1020 2189 ab
1050 2148 1123 2206 una,
1147 2145 1177 2189 et
1202 2130 1283 2191 iuter
1308 2130 1501 2212 Dyonisium

239 2237 387 2297 similiter
411 2251 576 2312 sartorem,
609 2250 643 2297 ut
677 2236 707 2295 in
742 2255 868 2296 causam
903 2251 1082 2313 attractum,
1107 2237 1138 2297 in
1172 2238 1315 2318 predIcto
1348 2238 1503 2300 katherno

242 2359 350 2404 nostro
376 2342 573 2423 conscriptis,
598 2361 693 2422 super
722 2342 839 2422 quibus
872 2343 974 2403 causis
999 2343 1064 2423 ipse
1089 2343 1277 2404 Thomasko
1311 2345 1391 2404 inter
1417 2344 1503 2425 ipsos

242 2451 357 2511 habitis
393 2464 493 2510 certas
518 2451 623 2509 Iiteras
648 2447 807 2529 magnifici
838 2449 992 2509 Iohannis
1024 2449 1062 2509 de
1088 2450 1223 2529 Itozgon
1258 2450 1399 2530 magistri
1434 2449 1503 2511 tha·

243 2557 454 2617 u'arnicorum
488 2557 571 2636 regie
606 2555 778 2616 Maiestatis
810 2556 902 2615 nobis
927 2571 955 2615 et
988 2556 1209 2617 communitati
1244 2556 1327 2618 dicte
1363 2557 1502 2618 civitatis

242 2663 431 2744 apportavit,
456 2676 490 2721 ut
513 2662 572 2720 sibi
599 2682 635 2721 ex
660 2660 911 2749 parteleiusdem
932 2661 1076 2742 Dyonisii
1095 2660 1349 2723 satisfaccionem
1375 2663 1502 2745 Impen-

244 2770 319 2829 dere
352 2768 591 2843 debuissemus,
625 2782 654 2827 et
685 2768 759 2847 quia
792 2766 933 2847 prefatus
965 2767 1139 2849 Dronisius
1170 2788 1276 2830 coram
1306 2769 1399 2829 nobis
1430 2788 1503 2830 cum

242 2876 335 2936 certis
361 2875 469 2956 probis
494 2873 568 2933 siris
592 2874 825 2953 comprobarit,
851 2889 884 2933 ut
909 2875 974 2954 Ipse
1000 2874 1187 2934 'Ihomasko
1212 2875 1297 2956 juxta
1322 2875 1504 2936 ordinacio·

242 3001 315 3041 nem
342 2984 514 3061 proborum
542 2980 683 3039 virorum
718 2979 862 3058 quietum
897 2981 1067 3055 commisit,
1099 2981 1208 3060 sicque
1241 2982 1339 3042 modo
1364 2982 1502 3042 eundem

243 3088 434 3167 Drnrrisium
462 3087 526 3166 ipse
553 3086 698 3145 'I'homas
722 3086 860 3165 quittum
887 3086 1025 3147 reddidit
1050 3102 1078 3145 et
1104 3088 1298 3167 expeditum.

348 3194 422 3253 Item
442 3195 515 3272 quia
536 3193 620 3265 justa
640 3193 912 3272 composicionem
932 3196 1105 3274 proborum
1126 3196 1265 3254 virorum
1284 3196 1402 3255 cisium
1420 3195 1503 3255 dicte

244 3301 388 3374 civitatis,
416 3300 480 3378 ipse
507 3298 694 3357 'I'Iromusko
728 3299 758 3356 in
793 3318 885 3357 causa
912 3300 991 3358 inter
1025 3301 1127 3380 ipsum
1154 3301 1317 3361 I'Iromanr
1343 3302 1449 3361 habita
1474 3316 1505 3362 et

244 3406 323 3465 inter
349 3406 538 3465 IIIicIraeIcnr
565 3420 594 3464 et
621 3405 813 3484 Gregorium
840 3405 1023 3485 peIIiIicem,
1050 3407 1179 3483 juratos,
1205 3409 1331 3468 racione
1356 3408 1502 3468 omnium

243 3511 457 3590 dampnorum
478 3532 532 3590 per
557 3512 686 3570 eosdem
707 3511 897 3571 IIicIraeIcm
916 3528 944 3571 ct
964 3513 1156 3591 Gregorium
1176 3514 1329 3594 pellifices
1353 3515 1503 3595 qualiter·

243 3638 381 3696 cumque
399 3619 457 3677 sibi
478 3618 605 3678 'I'Irome
622 3618 783 3678 iiiatorum
799 3634 942 3699 tempore
958 3621 1104 3680 videlicet
1119 3622 1346 3702 captivacionis
1364 3621 1504 3698 Grande,

244 3725 328 3798 justu
354 3725 626 3804 composicionem
653 3727 827 3804 proborum
863 3726 1002 3785 vitorum
1032 3729 1151 3806 quittos
1177 3728 1376 3804 reddidisset,
1401 3728 1505 3788 taliter

243 3844 361 3905 tamen,
386 3831 473 3908 quod
500 3831 557 3909 Ipsi
585 3831 721 3890 IIichaeI
747 3845 777 3890 et
803 3831 978 3910 Gregonus
1012 3833 1164 3913 pelliIices
1190 3835 1246 3915 ipsi
1274 3835 1401 3894 'I'home
1427 3854 1503 3914 qua-

243 3951 316 3996 tuor
340 3938 407 3998 flor.
434 3936 513 4008 auri,
537 3935 618 3994 duos
643 3935 710 3997 flor.
737 3938 803 3997 auri
823 3939 874 3997 die
899 3938 1060 3999 dominica
1080 3941 1110 3999 in
1137 3938 1214 4000 Iesto
1240 3941 1389 4001 videlicet
1414 3943 1504 4001 beate

246 4044 344 4103 Elene
370 4043 476 4121 regine
496 4043 580 4117 dare,
606 4043 748 4123 reliquos
768 4064 843 4103 vero
861 4046 942 4103 duos
960 4045 1027 4107 flor.
1046 4049 1085 4107 ab
1104 4048 1172 4128 ipso
1191 4046 1270 4107 festo
1296 4050 1385 4108 beate
1405 4048 1504 4108 Elene

246 4170 346 4230 usque
361 4149 673 4230 quintumdecimum
693 4151 776 4209 diem
793 4152 850 4230 ipsi
867 4152 1001 4212 MicIraeI
1018 4169 1047 4213 et
1063 4152 1237 4235 Gregorius
1254 4156 1357 4215 eidem
1377 4155 1504 4215 I'homc

244 4258 368 4317 solvere
394 4257 597 4327 tenebuntur,
631 4256 670 4314 ita
704 4272 822 4329 tamen,
855 4258 941 4336 quod
976 4279 1178 4340 quecumque
1211 4263 1352 4341 pardum
1379 4262 1409 4320 in
1436 4281 1504 4342 pre-

246 4364 350 4423 missis
375 4384 437 4421 non
466 4363 655 4442 persisteret,
680 4362 751 4421 talis
776 4384 847 4441 pars
873 4364 901 4422 in
930 4366 1088 4444 premissis
1117 4387 1180 4426 non
1207 4368 1378 4447 persistens
1403 4369 1433 4426 in
1460 4367 1505 4426 vi-

245 4470 323 4546 ginti
339 4470 481 4549 qtrinquc
502 4470 614 4528 marcis
629 4470 845 4539 denariorum,
864 4491 1000 4530 marcam
1017 4492 1073 4551 pro
1092 4474 1235 4552 quinque
1250 4475 1355 4553 pensis
1372 4493 1504 4554 compu-

245 4576 355 4649 tando,
381 4576 459 4654 parti
494 4576 692 4654 persistenti,
718 4592 791 4654 puta
827 4577 856 4634 in
883 4578 1052 4637 duodecim
1086 4595 1115 4639 et
1142 4581 1245 4638 media
1279 4582 1392 4641 marcis
1417 4595 1447 4640 et
1472 4581 1502 4641 In

246 4682 379 4741 totidem
413 4680 508 4759 judici
543 4681 625 4740 dicte
657 4682 792 4740 civitatis
826 4698 854 4740 et
887 4684 1032 4743 convinci
1066 4685 1179 4743 debeat
1212 4700 1240 4745 et
1273 4688 1416 4746 convicta
1451 4686 1506 4746 ha·

246 4789 358 4848 beatur
385 4788 454 4868 ipso
481 4792 573 4849 sacti).
