3488 5272
236 318 300 400 498
641 313 844 395 Ann01480.
871 351 910 361 -
929 332 986 395 30.
1002 320 1097 394 jumi.

344 530 377 591 ln
402 549 495 591 causa
513 530 596 591 inter
613 529 819 591 Dominicum
840 529 1014 612 Perowych
1032 545 1063 592 et
1080 530 1261 592 Iohannem
1279 531 1502 614 Soldynarych

238 639 365 699 racione
391 636 557 698 cuiusdam
575 635 710 697 fenestre
729 656 786 718 per
802 636 923 714 juratos
940 637 1112 719 judicatam
1132 650 1163 698 et
1179 637 1219 698 ad
1236 638 1378 700 seniores
1394 639 1503 721 appel·

237 744 345 820 latam,
370 743 512 804 seniores
543 742 665 822 judices
696 742 973 821 adjudicacionem
1006 743 1183 825 juratorum
1221 742 1503 806 confirmaverunt.

343 849 375 910 ln
402 869 495 911 causa
521 850 603 910 inter
635 848 827 910 Michaelem
854 849 1043 932 Oprasnych
1078 862 1108 911 et
1142 850 1279 912 Paulum
1304 849 1503 913 aurifabrum

239 958 365 1018 racione
390 955 555 1017 cuiusdam
590 955 814 1016 infamacionis
839 969 869 1016 et
900 956 1050 1037 vituperii
1075 976 1132 1038 per
1165 956 1285 1037 juratos
1309 957 1448 1037 judicata
1473 972 1505 1018 et

238 1065 276 1125 ad
309 1065 450 1124 seniores
481 1062 652 1144 appellata,
684 1063 826 1123 seniores
857 1062 979 1142 judices
1009 1062 1286 1143 adjudicacionem
1324 1063 1504 1141 juratorum

237 1169 523 1244 confirmaverunt3
549 1169 587 1229 de
620 1188 682 1249 qua
716 1167 959 1247 adjudicacione
991 1169 1058 1250 ipse
1092 1168 1211 1230 Paulus
1243 1189 1308 1230 non
1333 1183 1505 1232 contentus

238 1296 364 1338 causam
390 1275 564 1358 appellavit
588 1275 626 1335 ad
654 1275 841 1354 magistrum
866 1274 1147 1339 thawernicorum.

344 1382 377 1442 ln
403 1402 496 1442 causa
529 1382 611 1442 inter
635 1380 814 1442 iohannem
846 1380 1067 1464 Soldynarych
1092 1395 1123 1442 et
1154 1381 1419 1443 communitatem
1454 1401 1503 1442 ra-

240 1490 331 1550 cione
357 1488 572 1568 quorumdam
598 1487 709 1568 viginti
735 1507 788 1547 sex
813 1501 843 1548 et
868 1488 976 1548 medio
1010 1486 1078 1550 flor.
1103 1488 1172 1548 auri
1196 1507 1254 1569 per
1277 1487 1396 1568 juratos
1419 1485 1503 1568 judi-

238 1610 305 1656 cata
331 1608 361 1655 et
385 1594 424 1654 ad
450 1595 592 1655 seniores
616 1594 786 1676 appellata,
810 1594 953 1655 seniores
974 1593 1096 1674 judices
1119 1594 1394 1675 adjudicaverunt,
1411 1595 1503 1676 quod

238 1704 303 1784 ipse
330 1700 491 1762 lohannes
517 1699 737 1783 Soldynarych
770 1700 883 1761 solutis
914 1700 1067 1761 tredecim
1101 1699 1181 1778 flor,
1214 1720 1296 1782 quos
1319 1720 1376 1783 per
1400 1701 1502 1781 negli-

238 1808 383 1888 genciam
425 1825 514 1866 suam
548 1805 637 1866 dedit
661 1819 691 1865 et
715 1805 811 1866 solvit
834 1825 892 1887 pro
918 1805 1125 1887 depositione
1150 1807 1317 1868 cuiusdam
1340 1807 1502 1868 sentencie

239 1928 347 1976 contra
374 1913 637 1974 communitatem
664 1926 820 1989 emanare,
845 1927 876 1973 et
899 1913 999 1972 eciam
1018 1913 1130 1973 solutis
1154 1913 1282 1974 duobus
1306 1912 1395 1989 flor.;
1419 1931 1503 1994 quos

237 2035 309 2103 post
326 2019 565 2101 deposicionem
583 2017 725 2078 eiusdem
743 2019 904 2079 sentencie
922 2019 953 2078 in
979 2019 1067 2100 pecia
1089 2019 1255 2080 cuiusdam
1274 2018 1410 2100 Spinath
1435 2037 1504 2079 ma·

237 2128 335 2207 gistro
360 2126 448 2203 regni
475 2125 667 2206 propinavit,
701 2139 732 2184 et
756 2125 856 2184 eciam
890 2125 1002 2185 solutis
1034 2125 1133 2185 daciis
1158 2144 1237 2205 quas
1264 2138 1391 2186 tenetur
1415 2144 1503 2186 com·

239 2234 397 2308 manuari,
422 2232 639 2291 residuitatem
666 2231 879 2312 predictarum
900 2233 1125 2311 peccuniarum
1156 2252 1210 2313 per
1235 2231 1501 2293 communitatem

238 2342 342 2400 eidem
369 2339 559 2399 debencium
586 2338 624 2397 ab
650 2338 761 2399 eadem
788 2337 930 2419 recipiat,
955 2352 985 2398 et
1013 2339 1057 2399 sic
1082 2340 1296 2400 mercenarios
1321 2340 1503 2400 communi·

239 2445 310 2506 tatis
334 2445 388 2524 qui
423 2458 567 2524 tempore
600 2443 757 2522 judicatus
789 2445 837 2503 sui
870 2444 1048 2506 servierunt
1080 2458 1259 2521 contentet;
1289 2444 1505 2526 expeditorias

238 2566 344 2612 autem
370 2551 476 2611 literas
500 2569 563 2630 que
595 2562 669 2609 sunt
693 2549 777 2630 apud
812 2550 948 2610 Paulum
977 2551 1115 2630 judicem
1148 2551 1252 2612 eidem
1287 2549 1425 2611 lohanni
1452 2571 1502 2612 so·

239 2673 350 2718 nantes
381 2676 453 2716 cunt
480 2655 662 2716 residuitate
695 2656 838 2717 eiusdem
872 2657 1024 2737 peccunie
1050 2658 1198 2738 recipiat3
1224 2657 1262 2716 de
1288 2676 1349 2737 qua
1375 2655 1502 2735 adjudi-

239 2766 368 2824 cacione
393 2764 495 2823 dictus
521 2761 682 2822 lohannes
707 2761 928 2845 Soldynarych
963 2782 1027 2823 non
1054 2777 1221 2824 contentus
1245 2781 1373 2822 causam
1399 2762 1502 2843 ipsam

238 2871 357 2929 scilicet
383 2890 439 2949 pro
465 2869 521 2928 XV
547 2867 615 2928 flor.
641 2869 680 2928 ad
706 2869 893 2948 magistrum
919 2869 1186 2929 thawernicorum
1211 2868 1396 2950 appellavit.

284 3088 377 3158 feria
408 3099 505 3158 sexta
536 3091 687 3174 proxima
717 3096 792 3176 post
821 3088 942 3158 festum
972 3088 1146 3157 beatorum
1178 3087 1269 3157 Petri
1299 3097 1331 3157 et
1360 3087 1458 3157 Pauli

750 3213 990 3300 apostolorum.

776 3365 839 3440 (30.
857 3365 963 3439 junii).

345 3506 553 3588 lalrcheuych
581 3507 718 3565 lacobus
744 3506 847 3584 primo
873 3507 986 3565 citatus
1011 3524 1073 3564 non
1093 3505 1272 3585 comparuit
1298 3518 1405 3565 contra
1424 3523 1501 3565 uxo-

240 3633 304 3672 rem
331 3613 574 3690 campanatoris.

347 3718 452 3777 Primo
479 3717 598 3795 judicio
624 3718 813 3777 adveniente
836 3717 997 3777 lohannes
1015 3714 1236 3799 Soldynarych
1255 3729 1363 3776 contra
1391 3715 1502 3776 Domi·

240 3826 346 3883 nicum
374 3824 545 3904 Perou'yclr
572 3825 699 3883 racione
726 3823 889 3883 cuiusdam
917 3822 1018 3903 jarkyl
1043 3822 1138 3881 debet
1163 3822 1368 3903 respondere.

348 3931 470 3989 Blasius
506 3929 701 4011 Ztlienychlri
735 3929 841 3989 senior
882 3928 974 4007 judex
1013 3929 1116 4008 primo
1150 3929 1263 3989 citatus
1299 3945 1408 3989 contra
1449 3928 1501 3989 Jo-

241 4035 377 4093 hannem
405 4034 623 4117 Soldynarych
651 4055 713 4094 non
741 4035 928 4115 comparuit.

347 4140 451 4200 Causa
478 4142 557 4201 inter
590 4142 704 4200 lanselr
738 4156 766 4201 et
799 4160 930 4201 uxorem
964 4143 1032 4201 eius
1057 4162 1091 4201 ac
1125 4156 1303 4202 consortem
1338 4140 1500 4202 Valentini

240 4267 348 4326 sporar
375 4247 500 4306 racione
527 4247 691 4306 cuiusdam
719 4247 848 4308 inlamie
874 4260 969 4306 testes
986 4247 1103 4307 debent
1123 4248 1256 4329 produci
1283 4249 1313 4308 in
1331 4248 1437 4329 primo
1454 4245 1500 4325 ju·

240 4353 324 4412 dicio
351 4353 573 4412 consistoriali.

347 4459 485 4519 Causam
512 4461 592 4518 inter
610 4461 744 4520 Paulum
770 4460 966 4521 aurifabrum
985 4476 1015 4521 et
1040 4462 1211 4541 quemdam
1238 4481 1371 4543 puerum
1398 4459 1502 4522 fratris

242 4565 369 4626 Thome
403 4567 528 4625 racione
562 4566 726 4625 cuiusdam
760 4565 872 4626 floreni
905 4566 997 4643 jurati
1032 4567 1306 4645 adjudicaverunt,
1338 4568 1412 4649 quia
1445 4565 1499 4627 ille

242 4673 339 4731 homo
357 4672 446 4731 cuius
471 4670 627 4731 florenum
654 4671 793 4752 prefatus
818 4691 896 4751 puer
921 4687 1110 4732 arestaverat
1134 4672 1219 4752 juxta
1245 4673 1403 4753 justiciam
1421 4672 1499 4735 civi·

241 4779 312 4839 tatis
340 4779 554 4859 juramentum
580 4776 727 4857 deposuit
752 4780 783 4840 in
813 4796 863 4854 eo,
895 4780 983 4860 quod
1012 4778 1109 4840 nichil
1138 4780 1223 4841 dicto
1247 4800 1348 4863 puero
1376 4780 1499 4862 obliga·
