3464 5266
642 326 728 385 Anno
750 322 842 406 1465.
869 363 908 371 -
933 340 982 390 21.
998 329 1091 405 junii.
1435 338 1496 412 273'

233 537 400 599 denarium
425 538 643 599 viennensem
668 558 726 620 pro
751 539 818 620 ipsa
843 560 911 601 arra
936 541 1063 601 racione
1088 541 1172 603 dicte
1189 542 1306 603 domus
1331 543 1405 603 dare
1431 562 1495 604 non

234 645 458 723 commisisset,
482 646 539 706 sed
556 658 679 707 tantum
698 645 772 706 illos
796 660 869 708 octo
886 645 955 709 flor.
980 667 1062 728 quos
1080 649 1146 730 ipse
1163 649 1353 710 Valentinus
1371 649 1497 711 villicus

232 750 406 812 Valentino
431 749 528 831 judici
562 751 726 834 Saronych
753 751 838 813 dicto
867 753 906 812 ad
939 754 1139 815 solucionem
1171 755 1253 815 dicte
1279 755 1395 817 domus
1419 756 1495 816 dare

236 857 457 918 commisisset.

341 963 418 1024 ltem
444 964 518 1045 quia
545 964 792 1026 Bartholomeus
816 964 899 1026 filius
925 966 1039 1026 Marini
1061 967 1139 1027 alias
1163 966 1277 1048 judicis
1301 981 1332 1029 et
1356 967 1497 1028 concivis

235 1069 331 1129 nostri
371 1071 560 1151 promiserat
584 1086 710 1151 portare
735 1071 843 1131 literas
872 1073 1108 1153 procuratorias
1140 1094 1156 1133 a
1182 1071 1304 1154 prefato
1327 1089 1415 1154 patre
1439 1093 1497 1135 suo

234 1175 330 1236 hodie
356 1191 386 1236 et
411 1196 517 1237 coram
538 1177 644 1237 -nobis
676 1176 853 1259 producere
885 1178 916 1238 in
949 1177 1080 1256 iudicio,
1105 1179 1295 1259 quiquidem
1331 1179 1496 1240 Bartholo-

235 1300 326 1342 meus
350 1280 434 1343 lilius
451 1283 592 1343 annotati
613 1283 728 1343 Marini
753 1283 831 1343 alias
855 1283 970 1363 judicis
999 1298 1138 1345 nostram
1165 1285 1195 1345 in
1214 1285 1411 1365 presenciam
1429 1303 1493 1345 non

237 1389 324 1448 venit
341 1387 396 1448 sed
411 1408 468 1449 nec
486 1390 569 1470 ipsas
583 1389 689 1449 literas
713 1390 947 1470 procuratorias
963 1409 981 1450 a
999 1389 1121 1469 prelato
1138 1406 1226 1472 patre
1243 1409 1301 1451 suo
1319 1391 1351 1450 in
1376 1390 1496 1469 judicio

234 1513 342 1555 coram
368 1495 460 1554 nobis
484 1495 617 1555 minime
641 1495 819 1577 producere
843 1496 975 1573 curavit,
1005 1511 1100 1578 prout
1123 1497 1323 1578 promiserat,
1348 1498 1398 1557 cui
1424 1515 1495 1578 pro-

235 1601 309 1661 vida
336 1601 467 1662 domina
493 1601 666 1663 Katherina
692 1603 801 1663 relicta
826 1604 962 1664 condam
993 1604 1089 1665 Blasii
1117 1604 1269 1664 institoris
1292 1604 1492 1685 Wgrinoych

236 1707 323 1784 dicti,
337 1708 479 1768 concivis
496 1722 613 1782 nostra,
627 1709 666 1768 ad
684 1708 807 1781 objecta
827 1709 925 1790 ipsius
943 1710 1057 1769 Marini
1076 1709 1190 1788 judicis
1207 1710 1257 1770 vel
1276 1710 1418 1770 annotati
1436 1708 1491 1770 filii

235 1813 282 1873 sui
298 1814 490 1894 respondere
508 1832 615 1874 coram
626 1815 718 1875 nobis
735 1815 944 1895 personaliter
957 1828 1061 1876 astans
1076 1830 1222 1897 prompta
1238 1831 1317 1877 esset
1331 1830 1361 1877 et
1374 1829 1493 1897 parata.

340 1919 416 1980 ltem
442 1921 517 2000 quia
541 1922 641 2001 proba
666 1920 783 1982 mulier
806 1921 944 1982 Barbara
978 1922 1071 1999 dicta,
1096 1921 1160 1982 lilia
1186 1921 1321 1982 condam
1350 1922 1492 1982 Barnabe

235 2024 484 2107 Chychltowych
510 2027 585 2088 dicti
610 2027 649 2086 de
675 2026 750 2087 villa
776 2027 940 2104 Cralevcz,
974 2046 1103 2088 consors
1127 2046 1202 2087 vero
1229 2027 1347 2088 Mathie
1373 2027 1496 2086 molen·

235 2131 389 2193 dinatoris
404 2131 459 2192 tilii
478 2133 580 2209 Pauli,
591 2133 622 2193 id
637 2152 708 2194 cum
726 2132 895 2194 sufficienti
907 2132 1141 2213 fidedignorum
1156 2133 1297 2192 virorum
1310 2133 1495 2193 testimonio

233 2257 340 2298 coram
367 2239 460 2299 nobis
484 2240 717 2320 comprobavit,
742 2240 830 2320 quod
856 2239 933 2299 dum
952 2238 1084 2320 provida
1110 2239 1225 2299 mulier
1243 2238 1419 2320 Elyzabeth
1437 2258 1491 2298 vo·

233 2358 311 2421 cata,
335 2364 425 2405 soror
450 2345 593 2406 eiusdem
621 2346 757 2406 Barbare
783 2346 813 2405 in
848 2346 996 2405 extremis
1020 2346 1083 2405 vite
1115 2364 1170 2404 sue
1196 2344 1381 2426 temporalis
1406 2344 1495 2404 labo·

234 2464 341 2527 rasset,
365 2465 441 2512 tunc
467 2452 532 2532 ipsa
555 2452 718 2531 quandam
744 2452 871 2512 vineam
894 2471 983 2511 suam
1012 2451 1042 2511 in
1067 2450 1227 2511 territorio
1253 2452 1335 2511 dicte
1360 2450 1495 2511 civitatis

233 2555 374 2617 habitam
400 2558 494 2618 Kwse
519 2557 583 2618 filie
608 2578 662 2618 suc
687 2558 791 2618 taliter
816 2558 995 2638 legavisset,
1032 2557 1120 2637 quod
1146 2558 1212 2637 ipsa
1237 2557 1376 2617 Barbara
1401 2575 1492 2616 soror

234 2662 377 2724 eiusdem
404 2663 580 2745 Elyzabeth
607 2664 741 2725 eandem
769 2666 897 2725 Krvsam
931 2664 1015 2746 apud
1040 2683 1073 2724 se
1098 2678 1206 2724 tenere
1231 2678 1261 2724 et
1286 2664 1405 2723 nutrire
1431 2663 1494 2723 vita

233 2770 292 2829 sibi
319 2770 434 2830 comite
460 2771 591 2833 deberet
615 2786 645 2831 et
671 2771 790 2832 fructus
814 2772 957 2832 eiusdem
991 2770 1083 2831 vinee
1116 2770 1279 2851 percipere
1305 2783 1335 2829 et
1359 2768 1494 2829 eandem

234 2876 349 2953 colere,
376 2877 416 2936 ita
441 2889 560 2954 tamen,
585 2877 673 2957 quod
698 2878 722 2936 si
756 2877 821 2958 ipsa
849 2878 943 2937 Knsa
976 2877 1063 2956 prius
1092 2891 1163 2936 ante
1196 2876 1296 2956 ipsam
1322 2875 1493 2935 Barbarum

234 2984 274 3041 ab
299 2982 355 3042 hac
381 2983 451 3044 luce
476 2984 557 3044 mori
583 2984 762 3064 contigerit,
787 2983 874 3063 quod
893 2998 968 3043 tunc
987 2983 1052 3064 ipsa
1074 2983 1164 3042 vinea
1191 2982 1223 3041 in
1248 2982 1349 3063 ipsam
1376 2981 1491 3042 Barba·

233 3108 300 3148 ram
317 3103 348 3149 et
365 3088 490 3149 nullum
509 3089 607 3149 alium
623 3090 878 3150 condescendere
899 3089 1029 3149 debebit
1039 3089 1178 3170 etipsius
1194 3088 1331 3149 Barbare
1349 3086 1491 3147 heredes.

339 3195 416 3255 ltem
442 3215 570 3256 causam
596 3196 678 3256 inter
703 3196 899 3257 Dorotheum
918 3195 1015 3256 liliam
1041 3195 1176 3256 condam
1196 3194 1336 3274 magistri
1363 3193 1489 3254 Bartho·

235 3299 331 3360 lomei
357 3302 526 3382 vitriparis,
551 3302 629 3362 olim
655 3302 795 3363 concivis
826 3303 937 3380 nostri,
966 3316 1145 3363 consortem
1179 3301 1321 3380 magistri
1347 3299 1493 3381 Dyonisii

233 3408 394 3488 scriptoris
420 3424 449 3469 et
474 3409 555 3469 inter
580 3408 769 3470 Thomaslto
785 3423 949 3485 sartorem,
975 3409 1167 3470 modernum
1192 3407 1341 3486 juratum,
1366 3407 1493 3466 racione

233 3516 471 3594 prosecucionis
495 3516 662 3576 cuiusdam
687 3515 813 3591 domus,
835 3513 925 3575 fundi
952 3529 983 3576 et
1005 3514 1228 3575 hediliciorum
1255 3513 1286 3572 in
1311 3511 1394 3572 dicta
1419 3511 1493 3571 civi·

231 3634 294 3680 tate
319 3620 444 3698 habita,
470 3623 561 3697 jurati
587 3623 691 3682 taliter
722 3621 956 3699 adjudicarunt,
989 3621 1076 3702 quod
1109 3621 1184 3700 quia
1209 3620 1274 3699 ipse
1304 3617 1491 3678 Thomasko

233 3726 328 3787 habet
353 3726 419 3802 iura
453 3725 592 3788 efficacia
626 3728 708 3788 dicte
741 3728 876 3789 civitatis
908 3747 1002 3808 super
1034 3727 1146 3787 eadem
1172 3726 1282 3801 domo,
1315 3742 1411 3803 quarn
1438 3742 1493 3802 per

232 3847 391 3893 certorum
406 3853 564 3893 annorum
584 3833 750 3894 intervalla
780 3832 909 3914 pacifice
935 3833 1025 3893 nullo
1043 3831 1279 3892 contradicente
1296 3849 1352 3889 seu
1370 3842 1493 3888 contra-

232 3937 352 3999 dictore
377 3954 549 4019 apparente
576 3940 716 4021 possedit
741 3954 771 3999 et
804 3941 916 4016 tenuit,
942 3954 972 4000 et
996 3939 1072 4019 quia
1104 3939 1215 3998 eadem
1243 3935 1405 3996 Dorothea
1430 3933 1493 3995 lilia

234 4045 331 4126 ipsius
356 4047 493 4107 condam
520 4047 661 4127 magistri
690 4046 906 4107 Bartholomei
926 4047 1084 4127 vitriparis
1107 4046 1224 4105 dictam
1242 4044 1374 4104 domurn
1394 4061 1493 4121 usque

232 4152 271 4212 ad
297 4152 353 4213 hec
378 4167 523 4233 tempora
557 4173 663 4214 coram
698 4154 792 4213 nobis
824 4173 887 4213 non
915 4153 973 4213 luit
1005 4166 1181 4234 prosecuta,
1215 4152 1287 4210 idco
1313 4150 1371 4229 ipsi
1405 4149 1494 4208 'l'ho-

233 4261 343 4318 masko
369 4259 471 4337 jurato
496 4259 631 4319 eandem
658 4261 790 4320 domum
825 4258 954 4340 pacifice
987 4274 1081 4340 prout
1105 4258 1206 4318 tenuit
1242 4256 1334 4336 jurati
1360 4255 1493 4336 predicti

233 4365 459 4444 possidendam
487 4379 517 4426 et
542 4365 722 4426 habendam
742 4366 827 4445 juxta
846 4366 1069 4426 condicionem
1089 4364 1188 4444 ipsius
1213 4362 1347 4422 civitatis
1371 4361 1494 4441 adjudi-

232 4487 353 4548 carunt,
379 4472 484 4533 taliter
508 4487 615 4533 tamen
641 4487 671 4534 et
695 4475 749 4534 tali
776 4473 886 4550 modo,
911 4473 997 4553 quod
1024 4473 1048 4530 si
1076 4472 1141 4552 ipsa
1160 4468 1322 4530 Dorothea
1347 4482 1400 4528 aut
1426 4487 1494 4548 pre·

232 4573 314 4636 fatus
340 4578 489 4658 magister
516 4579 690 4659 [lvonisius
714 4579 848 4660 scriptor
872 4598 999 4639 causam
1017 4578 1145 4637 racione
1174 4576 1256 4635 dicte
1282 4574 1398 4634 domus
1423 4592 1495 4655 pro-

232 4684 322 4763 sequi
350 4683 456 4761 vellet,
483 4699 597 4744 extunc
622 4685 783 4766 deponere
814 4686 900 4766 prius
931 4698 1092 4745 teneretur
1116 4681 1349 4762 quinquaginta
1375 4698 1496 4741 marcas

231 4788 438 4851 denariorum
465 4805 495 4851 et
518 4791 562 4851 sic
588 4793 737 4872 prosequi
772 4791 890 4852 valeret
914 4810 1040 4851 causam
1074 4790 1195 4871 ipsam;
1220 4788 1258 4847 de
1286 4806 1351 4866 quo
1375 4785 1495 4935 jugicio

1394 4893 1403 4933 1
