3488 5272
236 338 302 400 494
653 315 854 397 Ann01480.
881 352 922 361 -
946 331 996 393 27.
1020 321 1100 378 maii.

241 532 407 593 Demetrio
432 531 673 608 solvendorum,
698 545 729 592 et
760 549 935 592 econverso
960 530 1143 591 Demetrius
1168 531 1263 592 habet
1287 532 1505 610 juramentum

239 637 401 719 deponere
427 637 513 718 quod
540 638 607 718 ipse
625 656 690 699 non
714 637 860 698 vendidit
884 657 932 697 res
949 652 980 697 et
998 638 1206 698 mercimonia
1226 637 1307 699 inter
1332 638 1418 719 ipsos
1436 658 1505 699 ver·

237 758 315 821 sata,
340 763 398 804 nec
424 763 482 825 pro
506 763 538 804 se
564 744 711 825 exposuit
735 743 807 824 plus
835 762 930 824 quam
957 761 1015 823 pto
1051 758 1190 822 quatuor
1214 743 1283 806 flor.
1309 757 1451 826 excepto,
1475 758 1507 805 et

238 850 325 930 quod
351 850 433 911 duos
457 849 571 910 choros
595 862 717 910 tantum
743 868 801 930 pro
826 868 858 909 se
883 849 1031 930 exposuit
1055 868 1120 909 non
1147 865 1251 930 negat.

346 956 422 1018 ltem
448 975 541 1016 causa
568 956 649 1016 inter
674 955 873 1036 Stephanum
893 953 1108 1037 Thomanych
1134 969 1166 1017 et
1183 954 1361 1038 Georgium
1387 955 1504 1039 Wyth·

239 1061 374 1145 kowych
398 1063 527 1123 racione
552 1061 766 1143 percussionis
791 1076 821 1121 et
846 1061 1082 1122 verberacionis
1099 1060 1212 1142 ptefati
1240 1062 1406 1143 Stephani,
1430 1063 1506 1143 quia

239 1183 311 1229 ante
336 1169 529 1229 divisionem
562 1168 679 1229 domus
711 1168 813 1249 ipsum
849 1156 1048 1248 Stepha‘num
1086 1181 1116 1228 et
1149 1187 1292 1230 sororem
1318 1188 1407 1230 suam
1430 1188 1506 1229 con·

238 1276 395 1335 cernentis
418 1275 556 1335 eundem
582 1273 721 1355 prefatus
756 1272 996 1356 Wythkowych
1022 1274 1185 1354 percussit,
1210 1274 1316 1335 eidem
1342 1273 1506 1357 Stephano

239 1381 343 1441 dictus
368 1379 608 1464 Wythkowych
634 1381 664 1440 in
692 1379 803 1461 viginti
831 1379 937 1460 pensis
954 1379 1160 1441 denariorum
1186 1395 1232 1442 est
1249 1381 1506 1463 condempnatus

240 1501 270 1548 et
295 1486 392 1566 judici
419 1499 450 1548 et
474 1486 697 1547 communitati
724 1486 756 1545 in
782 1486 926 1565 quinque
951 1486 1059 1566 pensis
1082 1485 1301 1548 denariorum.

347 1593 489 1653 Racione
514 1606 621 1654 autem
646 1591 812 1652 cuiusdam
838 1589 975 1653 fenestre
1000 1611 1055 1672 per
1079 1588 1236 1672 prefatum
1262 1592 1504 1675 Wythltowych

240 1699 280 1759 de
305 1718 429 1760 camera
448 1698 547 1779 ipsius
565 1698 718 1780 Stephani
738 1698 896 1759 violenter
921 1711 1069 1776 extracte,
1087 1699 1180 1780 jurati
1198 1699 1400 1776 invenerunt,
1417 1699 1506 1779 quod

240 1805 393 1888 prefatam
420 1805 589 1868 fenestram
616 1808 697 1867 bene
715 1806 903 1887 dispositam
927 1805 967 1866 ad
986 1807 1092 1867 locum
1118 1826 1211 1867 suum
1229 1807 1324 1869 habet
1349 1826 1504 1888 reponere

240 1926 270 1974 et
294 1932 352 1994 pro
377 1912 534 1973 violencia
560 1912 671 1973 decem
696 1913 835 1991 griwnas
859 1912 994 1972 solvere.

347 2019 489 2079 Racione
515 2032 622 2078 autem
647 2018 812 2078 cuiusdam
839 2037 949 2078 mense
974 2018 1067 2096 jurati
1094 2019 1297 2096 invenerunt,
1322 2039 1358 2080 ex
1384 2037 1449 2099 quo
1473 2019 1506 2079 in

240 2125 373 2204 registro
399 2123 581 2184 divisionali
608 2124 689 2184 inter
715 2124 817 2205 ipsum
844 2122 1043 2205 Stephanum
1068 2137 1099 2185 et
1127 2143 1269 2185 sororem
1295 2143 1385 2185 suam
1412 2123 1507 2202 facto,

241 2231 374 2290 eandem
409 2249 551 2291 mensam
585 2228 800 2311 specificatam
833 2230 1036 2306 invenerunt,
1069 2243 1099 2290 et
1131 2230 1234 2291 dictus
1267 2229 1507 2312 Wythkowych

244 2336 434 2396 violenciam
450 2349 663 2412 accusaverat,
678 2336 708 2396 in
723 2336 835 2397 eadem
853 2335 940 2396 solus
953 2350 998 2396 cst
1013 2336 1178 2397 convietus
1196 2350 1226 2397 et
1240 2337 1505 2418 condempnatus.

349 2442 409 2501 Pro
435 2455 573 2521 quatuor
596 2455 703 2501 autem
730 2441 923 2521 quibusdam
947 2441 1182 2503 lintiaminibus
1207 2441 1389 2522 Stephanus
1413 2441 1508 2502 habet

241 2547 457 2627 juramentum
484 2548 644 2629 deponere
677 2547 764 2628 quod
798 2547 910 2608 eadem
946 2548 1131 2609 linteamina
1165 2549 1266 2609 sorori
1299 2567 1355 2608 sue
1387 2546 1506 2630 prefate

243 2672 305 2713 non
332 2654 532 2734 propinavit;
557 2654 611 2715 sed
638 2653 778 2735 prefatus
803 2653 1025 2738 Vythkowych
1055 2654 1139 2715 dicta
1172 2654 1416 2733 adjudicacione
1441 2673 1507 2715 nou

240 2773 411 2820 contentus
436 2760 474 2819 ad
500 2761 642 2820 seniores
666 2760 788 2841 judices
812 2760 996 2842 appellavit.

349 2865 424 2926 ltem
458 2886 550 2926 causa
590 2866 688 2927 Elene
722 2867 830 2926 mattis
863 2867 1013 2948 adoptive
1047 2866 1183 2926 condam
1219 2867 1343 2926 domini
1378 2867 1507 2927 Martini

243 2973 407 3051 presbiteri
433 2987 462 3032 et
488 2973 595 3033 relicte
622 2974 702 3032 Nesa
736 2988 848 3033 vocate
874 2973 982 3032 uxoris
1014 2973 1091 3032 olim
1119 2971 1266 3052 Gregorii
1302 2972 1406 3033 fratris
1431 2972 1507 3032 dieti

244 3078 366 3136 domini
396 3079 535 3154 Martini,
561 3078 652 3156 jurati
680 3079 881 3155 invenerunt,
907 3079 994 3158 quod
1018 3077 1137 3158 prefata
1166 3079 1265 3139 Elena
1291 3093 1390 3138 mater
1408 3079 1508 3160 adop·

243 3184 305 3242 tiva
332 3199 391 3244 ete.
417 3184 630 3260 juramentum
657 3185 751 3244 hahet
782 3186 954 3265 deponere,
989 3185 1076 3264 quod
1102 3185 1223 3244 nullam
1257 3185 1508 3266 disposicionem

245 3287 317 3348 feeit
344 3310 414 3348 eum
441 3292 614 3371 prescripto
642 3290 799 3369 Gregorio
831 3292 944 3352 marito
977 3290 1096 3370 prefate
1125 3292 1206 3351 Nese
1232 3303 1376 3370 pretextu
1402 3291 1505 3351 cuius-

244 3395 317 3454 dam
344 3396 447 3471 vinee,
473 3416 537 3475 quo
563 3397 720 3476 deposim,
741 3396 929 3456 confirmant
948 3411 1173 3456 testamentum
1199 3396 1362 3477 prescripti
1381 3396 1504 3457 domini

246 3502 373 3561 Martini
409 3502 539 3582 dempto
573 3504 659 3582 quod
694 3523 845 3584 expensas
878 3504 966 3564 istius
1000 3505 1072 3562 anni
1112 3522 1167 3583 per
1199 3504 1299 3584 ipsam
1324 3503 1439 3563 Nesam
1466 3503 1504 3561 ad

245 3608 360 3668 dictam
388 3609 512 3666 vineam
539 3607 635 3668 factas
660 3609 754 3670 habet
780 3610 940 3690 deponere
975 3623 1004 3669 et
1031 3611 1087 3689 ipsi
1114 3610 1196 3670 Nese
1223 3610 1398 3669 restituere.

335 3849 478 3917 Sahhato
508 3848 657 3935 Quatuor
687 3859 873 3936 temporum
904 3861 978 3936 post
1018 3850 1136 3920 festum
1168 3851 1416 3921 Pentheeostes.

782 4007 841 4077 (27.
867 4004 962 4080 ntat't').

354 4141 385 4200 ln
413 4161 504 4200 causa
532 4143 612 4201 inter
647 4140 775 4201 Gallum
812 4143 978 4224 lx'odelych
1013 4143 1149 4220 juratum
1177 4158 1205 4203 et
1230 4142 1412 4203 Dionisium
1445 4163 1507 4203 sar·

246 4260 359 4321 torem,
386 4248 526 4305 seniores
552 4247 672 4320 judices
709 4248 977 4310 confirmaverunt
1009 4251 1286 4327 adjudicacionem
1320 4248 1507 4326 juratorum,

247 4354 320 4432 quia
347 4368 375 4412 et
402 4374 458 4412 nos
483 4355 599 4413 scimus
617 4369 646 4414 et
672 4372 782 4415 notum
809 4368 853 4413 est
878 4356 964 4434 quod
986 4356 1050 4434 ipse
1082 4355 1194 4415 Gallus
1219 4356 1297 4415 dixit
1322 4356 1408 4435 quod
1428 4356 1506 4417 illud

247 4459 419 4519 linteamen
446 4460 542 4538 vulgo
569 4460 696 4539 plahtha
725 4460 804 4521 foret
828 4461 931 4520 tocius
953 4461 999 4519 sui
1027 4459 1099 4520 furti
1125 4462 1264 4540 signum,
1290 4463 1384 4523 debet
1401 4475 1506 4523 autem

248 4566 461 4643 juramentum
487 4565 649 4645 deponere
675 4566 815 4645 prefatus
834 4567 1007 4648 Dyonisius
1031 4583 1132 4627 sartor
1151 4567 1226 4628 feria
1252 4584 1337 4629 sexta
1363 4569 1507 4651 proxima

248 4687 317 4751 post
343 4670 456 4731 festum
483 4671 637 4752 Corporis
661 4670 778 4732 Christi
799 4675 828 4733 in
856 4694 904 4748 eo,
929 4674 1015 4754 quod
1035 4693 1097 4732 non
1117 4673 1239 4735 dederit
1258 4674 1353 4737 Gallo
1371 4676 1507 4738 formam

248 4777 415 4855 juramenti
450 4777 513 4836 alio
546 4778 644 4837 modo
676 4777 735 4835 nisi
768 4779 848 4839 sicut
881 4780 972 4856 jurati
1006 4779 1285 4860 adjudicavetant;
1318 4801 1356 4843 eo
1388 4781 1508 4864 judicio
