3488 5272
256 364 289 405 12
611 349 698 406 Anno
720 361 811 425 1450.
839 384 877 390 -
902 361 950 426 27.
979 351 1151 413 novembris.

251 559 354 638 potuit
379 560 461 621 circa
485 581 518 621 se
544 575 680 623 arestare
705 576 800 644 prout
825 564 983 641 arestavit,
1008 576 1039 625 et
1064 564 1193 646 insuper
1216 579 1330 626 octavo
1347 565 1400 628 die
1416 585 1511 648 super

250 685 335 727 aram
362 666 448 729 idem
474 667 664 729 Dominicus
687 669 808 749 juratus
831 669 899 730 sola
924 689 980 730 sua
1006 670 1037 730 in
1062 689 1197 751 persona
1223 670 1326 752 jurare
1350 673 1512 734 tenebitur

249 794 344 856 super
367 794 417 853 co,
441 791 475 836 ut
493 776 558 858 ipse
578 776 767 839 Dominicus
783 777 904 858 juratus
925 779 1031 838 solum
1047 778 1254 840 medietatem
1279 779 1380 861 ipsius
1397 780 1514 841 domus

248 900 305 942 sue
330 895 361 943 et
386 879 476 943 fundi
502 903 537 943 ac
555 883 662 944 celarii
679 884 876 945 subterranei
902 898 933 945 et
950 903 1074 946 camere
1092 904 1151 966 pro
1177 903 1242 946 uno
1260 899 1290 946 et
1315 885 1423 947 medio
1441 883 1510 948 flor.

249 986 317 1048 auri
342 988 374 1049 in
399 989 542 1070 precium
569 987 717 1052 dedisset.

355 1094 431 1156 Item
465 1096 540 1176 quia
575 1095 748 1179 Dyonisius
781 1095 920 1179 frenipar
952 1097 1169 1179 juramentum
1201 1098 1261 1159 sibi
1293 1097 1511 1175 adjudicatum

248 1215 357 1262 contra
384 1201 574 1264 Michaelem
600 1203 783 1265 sellatorem
810 1203 905 1264 hodie
935 1204 1049 1265 eodem
1082 1205 1180 1265 modo
1207 1224 1415 1287 superatam
1440 1224 1511 1287 pre·

247 1307 325 1369 stitit
349 1308 430 1370 sicut
453 1310 513 1370 sibi
540 1308 600 1370 fuit
624 1309 854 1390 adjudicatum,
880 1309 953 1372 ideo
980 1310 1084 1392 ipsum
1114 1311 1242 1373 racione
1267 1310 1402 1393 predicti
1428 1309 1511 1391 jura-

247 1416 346 1476 menti
372 1415 593 1476 commisimus
618 1415 822 1497 expeditum;
847 1417 886 1477 de
912 1417 1054 1499 dampno
1087 1431 1194 1479 autem
1220 1418 1319 1500 ipsius
1344 1417 1511 1480 Michaelis

246 1520 333 1600 quod
360 1521 391 1581 in
418 1521 493 1603 ipsis
517 1522 622 1582 anulis
647 1536 677 1583 et
701 1522 832 1583 nodulis
857 1522 943 1584 idem
962 1523 1098 1585 Michael
1123 1543 1234 1606 passus
1258 1538 1314 1602 est,
1341 1543 1441 1606 usque
1457 1543 1510 1586 oc·

245 1640 353 1688 tavutn
380 1627 464 1688 diem
491 1628 672 1709 persolvere
695 1628 857 1690 tenebitur
882 1642 913 1690 et
937 1628 1077 1692 debebit.

352 1733 427 1794 ltem
454 1734 528 1814 quia
554 1734 652 1795 Lucia
677 1735 785 1795 relicta
812 1734 979 1796 Michaelis
1011 1733 1178 1817 sreniparis
1204 1735 1422 1816 juramentum
1446 1735 1508 1797 sibi

245 1838 348 1920 pridie
373 1839 602 1918 adjudicatum,
628 1839 724 1902 hodie
743 1854 852 1902 contra
871 1840 1055 1902 Emericum
1076 1840 1215 1922 juratum
1240 1843 1376 1924 prestitit
1400 1855 1430 1904 et
1454 1843 1509 1903 de-

244 1946 360 2026 posuit,
386 1945 459 2007 ideo
485 1946 584 2027 ipsam
611 1947 743 2007 Luciam
761 1966 856 2028 super
878 1947 1083 2029 deposicione
1110 1947 1209 2029 ipsius
1226 1947 1396 2029 juramenti
1422 1966 1508 2010 com·

244 2050 390 2113 misimus
414 2052 481 2114 fore
507 2053 699 2135 expeditam.

350 2157 427 2221 ltem
453 2160 527 2239 quia
553 2159 735 2221 Anthonius
752 2160 892 2240 agricola
918 2161 1021 2222 dictus
1038 2161 1311 2244 lanchechewych
1336 2161 1432 2223 hodie
1450 2183 1508 2225 no·

242 2277 338 2326 stram
365 2266 495 2327 veniens
520 2265 550 2326 in
576 2267 785 2348 presenciam,
810 2267 904 2329 nobis
927 2287 966 2329 eo
988 2267 1087 2329 modo
1111 2266 1289 2350 significare
1314 2269 1448 2348 cutavit,
1472 2284 1507 2331 ut

243 2370 381 2451 quedam
408 2371 496 2432 litera
523 2386 628 2433 nostra
653 2390 709 2433 seu
734 2371 870 2433 civitatis
904 2373 1057 2454 predicte,
1091 2373 1311 2455 privilegialis,
1336 2392 1395 2456 pro
1418 2390 1506 2457 parte

242 2477 289 2537 sui
315 2497 410 2559 super
435 2477 574 2558 quadam
607 2477 700 2539 vinea
725 2497 780 2539 sua
812 2478 1026 2541 condicionali
1058 2479 1090 2540 in
1122 2479 1283 2541 territorio
1307 2492 1417 2542 nostro
1450 2500 1507 2542 seu

243 2583 377 2644 civitatis
401 2581 522 2665 prefate
547 2585 578 2645 in
604 2584 764 2645 vicinitate
797 2585 889 2646 vinee
914 2586 1014 2666 probe
1039 2598 1069 2645 et
1101 2585 1233 2646 honeste
1258 2585 1403 2647 mulieris
1427 2585 1505 2649 Sco-

242 2689 350 2751 lastice
375 2691 467 2752 aliter
492 2690 589 2751 Ztana
624 2706 745 2769 vocate,
770 2690 879 2752 relicte
911 2690 1048 2751 condam
1080 2690 1208 2752 Andree
1241 2690 1320 2769 Lah,
1344 2691 1451 2753 habita
1476 2706 1507 2755 et

242 2797 405 2873 existente,
431 2795 574 2858 confecta
601 2812 631 2858 et
656 2811 813 2875 emanata,
838 2817 894 2878 per
923 2796 1099 2858 indebitam
1125 2797 1408 2859 conservacionem
1432 2817 1506 2880 pro·

242 2903 314 2963 vide
339 2903 476 2964 condam
502 2903 646 2965 mulieris
671 2903 804 2984 Agnetis
825 2902 933 2964 relicte
958 2903 1095 2964 condam
1114 2903 1276 2964 Dominici
1302 2903 1378 2965 dicti
1404 2904 1504 2966 llrezt

241 3011 329 3092 olym
355 3010 495 3071 cotteieis
520 3010 629 3087 nostri,
662 3011 712 3071 cui
744 3010 809 3091 ipse
842 3008 1026 3071 Anthonius
1058 3009 1331 3092 Janchechetvych
1365 3010 1502 3073 eandem

241 3117 364 3177 literam
398 3115 628 3197 privilegialem
655 3117 693 3177 ad
728 3115 982 3176 conservandum
1018 3115 1160 3193 dederat,
1192 3115 1359 3177 casualiter
1388 3117 1504 3179 amissa

241 3239 270 3284 et
296 3224 460 3306 deperdita
495 3224 636 3285 extitita
670 3239 767 3300 certo,
793 3238 823 3285 et
854 3223 930 3303 quia
964 3223 1076 3284 eadem
1109 3222 1199 3283 litera
1231 3223 1440 3305 privilegialis
1462 3224 1504 3285 ad

242 3331 357 3391 trinam
385 3330 543 3391 l'oreusem
562 3344 591 3390 et
610 3330 770 3411 publicam
789 3329 1080 3411 proclamacionem
1099 3349 1154 3410 per
1179 3348 1238 3390 nos
1254 3328 1293 3388 de
1317 3349 1408 3391 more
1425 3330 1504 3392 alias

240 3452 392 3497 corraseto
419 3437 590 3517 superinde
616 3436 680 3497 lieri
707 3436 912 3497 corutnissam
944 3451 972 3496 et
998 3436 1193 3516 completam
1226 3434 1341 3496 nullibi
1367 3436 1502 3498 inveniri

241 3544 354 3623 potuit,
381 3543 519 3623 ideoque
545 3562 603 3603 trus
628 3543 762 3603 ettttdent
789 3543 915 3602 vineam
939 3541 1197 3602 condicionalem
1223 3540 1322 3622 ipsius
1346 3540 1502 3604 Anthonii

240 3646 511 3730 ‚laticlreclteuvclt
539 3651 568 3709 iu
595 3650 756 3710 vicinitate
781 3648 961 3729 supradicta
984 3647 1125 3709 habitam
1150 3662 1180 3708 et
1204 3648 1404 3726 existentem,
1425 3668 1498 3710 cum

238 3758 303 3815 suis
329 3756 519 3815 utilitatibus
544 3770 572 3815 et
599 3755 806 3835 pernitentiis
839 3755 995 3816 universis
1023 3752 1146 3835 prefato
1177 3753 1343 3815 Anthonio
1368 3754 1501 3816 lanche-

238 3861 389 3943 elreusclt
415 3884 450 3920 es
478 3863 604 3921 instanti
632 3876 659 3921 et
681 3861 882 3931 iuricousona
906 3861 1004 3943 ipsius
1022 3861 1180 3942 peticione
1205 3879 1241 3920 ac
1264 3880 1320 3941 per
1345 3879 1420 3921 eum
1435 3859 1502 3921 suis

239 3969 409 4028 heredibus
435 3968 533 4028 literis
559 3969 673 4026 astutiis
705 3967 958 4047 privilegialibus
989 3967 1158 4028 statuimus
1182 3980 1213 4027 et
1237 3965 1499 4028 confirmavimus

240 4075 305 4144 iure
339 4091 493 4154 perpetuo
529 4090 556 4132 et
586 4074 834 4133 irrevocabiliter
866 4072 1091 4153 possidentium
1124 4087 1153 4132 et
1187 4072 1497 4154 quomodocumque

239 4182 373 4241 toloetit
390 4180 623 4262 disponendam
640 4180 722 4245 iustu
745 4180 968 4239 coaulicioneut
984 4180 1120 4239 civitatis
1134 4193 1299 4260 prenotate
1309 4178 1349 4239 ab
1363 4179 1497 4261 antiquo

238 4290 459 4369 approbarant,
486 4290 525 4347 ita
544 4302 662 4355 trittico,
687 4287 773 4366 quoti
794 4287 858 4365 ipse
885 4286 1065 4346 :lutltouius
1090 4285 1361 4367 lauchecheuvch
1386 4300 1417 4347 et
1440 4305 1497 4368 per

238 4415 310 4453 euru
330 4396 433 4453 cttttcti
460 4395 506 4452 sui
534 4393 666 4453 lterctles
685 4410 711 4451 et
732 4393 846 4471 posteri
867 4392 1004 4451 tutitersi
1023 4405 1141 4451 settatu
1161 4408 1282 4472 partem
1299 4410 1354 4452 seu
1372 4407 1497 4454 sextum

238 4501 390 4561 cttlutluut
417 4502 510 4560 ttutsti
537 4520 591 4558 ¹seu
619 4500 681 4559 viui
709 4500 782 4558 uoti
811 4502 840 4557 iu
867 4499 977 4558 catletu
1013 4499 1103 4557 vinca
1129 4497 1344 4558 condicionali
1370 4517 1498 4579 procre-

237 4608 310 4667 autlt
336 4607 470 4684 stragulis
494 4627 585 4665 ttuuts
610 4622 753 4685 tcutpore
789 4605 1053 4665 trudeuuactuuis
1086 4604 1184 4684 ipsius
1207 4605 1300 4666 vinee
1324 4604 1419 4666 nobis
1440 4623 1499 4665 seu

236 4715 459 4775 cottuuuuitau
495 4728 600 4773 ttttstrc
632 4727 684 4772 aut
720 4713 890 4771 cotttitibus
922 4711 1037 4771 uostris
1060 4730 1118 4792 pro
1150 4725 1294 4793 tempore
1318 4710 1500 4774 constitutis

238 4820 312 4883 clarc
338 4834 367 4881 et
394 4838 482 4881 ruore
507 4820 603 4880 solito
628 4819 859 4880 atttntiuistrure
888 4820 1092 4879 tenebuntur.
