3488 5272
241 360 282 447 98
623 366 708 423 Anno
732 377 819 442 1455.
846 398 885 409 -
911 379 959 426 (ο.
984 363 1113 426 octobn's.

239 577 514 657 adjudicaverunt,
539 590 573 637 ut
598 576 657 657 ipsi
682 575 854 638 Valentino
880 597 938 660 pro
955 578 1058 660 prima
1083 577 1285 638 correccione
1310 577 1497 638 debentab·

238 684 317 746 scidi
339 685 433 746 ambe
457 703 550 745 aures
574 697 605 745 et
629 682 725 744 debet
748 683 808 744 sibi
834 684 964 745 easdem
990 703 1082 745 aures
1111 682 1288 765 Elyzabeth
1313 681 1377 745 lilia
1404 682 1502 744 Blasii

240 789 444 873 Kychewych
469 788 509 850 de
527 787 722 872 Glawnycza
739 788 914 865 abscidere,
939 804 970 850 et
986 789 1132 850 abscissis
1157 789 1234 871 ipsis
1251 789 1383 850 auribus
1407 787 1502 850 debet

239 897 323 958 idem
350 896 542 958 Valentinus
567 896 606 956 de
639 895 767 957 civitate
800 911 831 956 et
855 897 924 957 eius
948 896 1108 958 territorio
1140 896 1276 978 turpiter
1300 895 1417 977 expelli
1449 895 1504 972 ita,

238 1003 325 1084 quod
353 1001 391 1063 de
409 1016 516 1064 cetero
541 1016 571 1064 et
597 1022 652 1083 per
668 1002 809 1085 amplius
826 1003 857 1064 in
884 1003 1045 1065 civitatem
1063 1017 1093 1064 et
1118 1003 1186 1064 eius
1202 1001 1400 1064 territorium
1417 1000 1503 1061 idem

237 1108 428 1170 Valentinus
452 1128 517 1170 non
542 1108 639 1170 debet
664 1108 791 1186 intrare,
823 1109 877 1190 qui
903 1110 927 1169 si
961 1109 1001 1170 de
1026 1123 1133 1170 cetero
1157 1122 1187 1170 et
1219 1107 1439 1190 peramplius
1471 1106 1502 1167 in

238 1215 320 1278 dicta
346 1216 474 1277 civitate
498 1229 529 1277 et
553 1214 622 1277 eius
646 1215 807 1277 territorio
837 1229 1004 1297 reppertus
1026 1214 1131 1294 fuerit,
1156 1215 1242 1294 juxta
1267 1234 1323 1276 sua
1348 1214 1502 1277 demerita

238 1341 353 1404 penam
377 1340 474 1403 quam
499 1320 694 1382 demeruerit
718 1321 869 1400 pacietur.

344 1447 421 1509 ltem
446 1447 521 1529 quia
554 1446 731 1529 Elyzabeth
763 1446 905 1529 predicta
937 1445 1001 1508 filia
1034 1447 1133 1529 ipsius
1171 1445 1265 1508 blasii
1292 1444 1498 1528 Kyehewycb

238 1554 270 1615 in
304 1555 426 1615 eisdem
459 1552 613 1614 nundinis
642 1573 741 1614 unum
775 1566 910 1614 rastrum
935 1553 1033 1634 vulgo
1066 1553 1164 1613 brana
1189 1551 1311 1613 dictum
1335 1551 1501 1629 subtraxit,

239 1661 313 1722 ideo
339 1661 431 1741 jurati
450 1660 727 1741 adjudicaverunt,
752 1658 840 1741 quod
862 1658 983 1741 prefate
1001 1657 1179 1741 Elyzabeth
1197 1659 1324 1720 mulieri
1342 1657 1504 1740 predictus

237 1767 428 1830 Valentinus
453 1766 548 1828 debet
572 1765 736 1828 abscidere
761 1785 858 1826 unam
883 1785 993 1827 aurem
1019 1781 1050 1828 et
1079 1767 1147 1848 ipsa
1172 1766 1267 1827 debet
1290 1765 1425 1847 turpiter
1449 1784 1501 1826 ex·

237 1872 315 1954 pelli
340 1871 379 1933 de
412 1871 551 1949 civitate,
576 1890 639 1952 que
668 1870 769 1932 eciam
802 1872 935 1953 expulsa
967 1885 1023 1949 est,
1049 1872 1287 1933 committentes
1319 1870 1437 1949 eidem,
1470 1885 1505 1932 ut

238 1979 305 2059 ipsa
330 1977 369 2038 de
394 1991 500 2038 cetero
525 1992 556 2038 et
580 1996 635 2058 per
660 1976 798 2058 amplius
831 1977 863 2037 io
888 1975 1005 2038 dictam
1039 1977 1202 2039 civitatem
1227 1991 1258 2038 et
1282 1976 1350 2037 eius
1373 1976 1502 2038 territo·

238 2083 320 2144 rium
347 2084 462 2144 intrare
488 2086 565 2162 (noo
601 2079 744 2163 audeat),
769 2101 832 2163 que
856 2083 881 2143 si
915 2082 946 2143 in
972 2083 1099 2143 civitate
1123 2095 1154 2143 et
1185 2082 1254 2144 eius
1277 2081 1438 2144 territorio
1463 2082 1503 2142 de

239 2202 344 2250 cetero
369 2203 515 2271 repperta
542 2187 648 2266 luerit,
676 2201 752 2249 tunc
784 2208 857 2249 mox
884 2188 969 2268 juxta
993 2208 1049 2249 sua
1082 2188 1238 2250 demerita
1262 2207 1379 2270 penam
1404 2206 1502 2269 quam

239 2293 433 2355 demeruerit
457 2294 610 2376 pacietur.

344 2399 422 2461 ltem
440 2399 587 2461 Thomas
611 2398 696 2461 filius
714 2399 816 2461 Mauri
843 2401 882 2461 de
908 2400 1000 2462 Zlatb
1018 2415 1065 2462 est
1082 2402 1231 2462 inventus
1255 2401 1286 2462 in
1304 2398 1391 2463 furtu
1407 2402 1500 2463 bom·

239 2507 306 2567 baci
333 2507 364 2567 in
390 2507 518 2568 civitate
543 2505 698 2588 predicta,
722 2506 796 2567 ideo
820 2507 958 2568 eundem
984 2507 1167 2568 decivitate
1192 2521 1222 2568 et
1246 2508 1315 2569 eius
1337 2507 1500 2569 territorio

237 2613 371 2694 turpiter
395 2611 529 2674 fecimus
554 2612 723 2693 expellere,
746 2612 981 2675 committentes
1004 2613 1108 2674 eidem
1135 2628 1170 2676 ut
1199 2614 1237 2674 de
1263 2626 1369 2675 cetero
1394 2626 1425 2675 et
1442 2632 1500 2695 per

241 2718 379 2801 amplius
404 2718 488 2779 idem
514 2716 661 2780 Thomas
684 2718 723 2778 ad
757 2718 917 2780 civitatem
950 2718 1125 2801 predictam
1158 2733 1188 2781 et
1213 2720 1282 2781 eius
1305 2719 1501 2780 territorium

240 2842 304 2884 non
330 2823 444 2885 debeat
469 2824 596 2900 intrare,
621 2823 676 2904 qui
701 2823 725 2883 si
752 2823 791 2883 de
816 2837 922 2885 cetero
940 2839 970 2885 et
994 2845 1050 2906 per
1073 2826 1213 2907 amplius
1238 2825 1269 2885 in
1295 2825 1397 2905 ipsam
1422 2823 1499 2884 civi·

243 2943 340 2991 tatem
366 2930 539 2992 intraverit.
564 2931 673 3006 (deest).

275 3164 369 3238 Ferin
398 3175 495 3237 sexta
526 3169 676 3255 proxima
707 3175 782 3254 post
809 3165 929 3238 festum
958 3169 1067 3237 sancti
1096 3166 1247 3255 Dyonisii
1276 3166 1424 3254 episcopi
1452 3175 1486 3235 et

784 3293 949 3361 martiris.

749 3466 762 3534 (
767 3471 815 3517 10.
840 3460 985 3535 octobris).

345 3617 421 3678 ltem
448 3616 609 3677 ,lohannes
635 3614 727 3689 iudex
761 3615 845 3677 lilius
878 3617 957 3677 l‘ero
982 3615 1073 3695 jurati
1106 3632 1136 3679 et
1160 3617 1345 3680 Anthonius
1377 3617 1500 3698 juratus

239 3723 322 3785 lilius
347 3721 487 3797 iborae,
513 3722 628 3783 debeor
655 3722 694 3781 ad
720 3723 859 3803 primum
883 3722 1037 3797 judicium
1066 3725 1211 3806 proxime
1236 3744 1407 3786 occurrens
1430 3724 1500 3805 jura

238 3849 349 3892 eorum
375 3849 437 3909 que
457 3829 589 3888 meliora
610 3829 639 3887 iu
660 3827 742 3887 lucto
761 3828 926 3889 cuiusdam
946 3843 1026 3890 terre
1044 3831 1184 3907 arabilis,
1202 3850 1264 3911 que
1290 3851 1345 3912 per
1362 3831 1500 3892 condam

240 3936 379 3996 illustrior
409 3935 541 4015 l⁸rauyn
570 3932 626 3994 luit
642 3934 842 4013 inpignorata
862 3935 998 3995 condam
1024 3935 1183 4016 Gregorio
1209 3938 1311 4011 jurato
1336 3956 1395 4019 pro
1413 3937 1500 3998 XLV

241 4040 320 4113 llor,
347 4040 526 4115 lralureriut,
552 4039 727 4118 producere
757 4039 884 4100 debent.

346 4164 420 4223 lteru
447 4182 573 4222 <nitrum
602 4163 681 4221 iuter
708 4163 849 4223 blainum
881 4164 919 4224 de
946 4166 1067 4226 libanu
1093 4181 1121 4227 et
1149 4168 1229 4228 inter
1255 4167 1390 4228 Paulum
1416 4167 1500 4228 auri·

240 4271 363 4329 labrum
391 4269 484 4341 iudex
511 4284 540 4328 ct
568 4268 658 4335 iurati
684 4269 722 4327 nl
754 4270 891 4349 primum
927 4268 1079 4337 iudicium
1105 4288 1176 4354 pust
1201 4272 1315 4334 festum
1343 4272 1501 4334 Omnium

238 4389 418 4434 ssttctorutu
446 4375 588 4453 proxime
617 4389 797 4447 scriturum,
824 4375 965 4455 proxime
992 4396 1170 4455 uccttrrens,
1196 4379 1441 4461 prolongatum.

346 4479 420 4540 lteur
456 4479 601 4539 'l'ltoruus
626 4480 750 4539 iustum·
782 4495 890 4539 eontra
921 4480 1097 4559 lieorgium
1130 4484 1303 4564 pellificem
1327 4485 1433 4567 primo
1458 4485 1501 4547 ci-

237 4598 320 4645 tutus
346 4604 408 4643 non
435 4586 624 4665 crrrupuruit.

345 4690 420 4751 ltetu
448 4692 631 4752 limniscus
658 4690 795 4771 lrenipar
816 4704 925 4751 contra
953 4692 1091 4754 Blusium
1110 4694 1293 4758 carnificem
1317 4695 1422 4759 lilium
1445 4697 1501 4759 Jo-

239 4797 352 4858 lruuuis
376 4795 533 4858 cnruiliris
559 4798 662 4878 primo
689 4797 802 4858 citatus
826 4816 890 4857 non
916 4799 1106 4879 comparuit.
