3488 5272
248 307 306 386 156
652 309 738 367 Anno
764 306 857 388 1458.
880 342 925 353 -
947 305 1001 370 28.
1016 308 1101 386 Jirlr'r‘.

244 536 282 576 eo
308 517 414 577 literas
438 538 510 579 suas
535 520 633 595 dedit,
659 519 746 600 quod
771 521 878 581 omnia
905 520 1056 602 dampna,
1081 536 1287 598 nocumenta,
1313 520 1432 601 injurie
1456 542 1516 605 per

245 644 303 683 nos
328 624 377 684 vel
403 627 551 685 concives
576 642 700 687 nostros
724 626 916 707 cuicumque
942 628 1039 705 illata,
1071 628 1134 689 sint
1157 628 1267 689 sedata
1291 643 1324 689 et
1347 628 1514 711 expedita,

243 728 317 791 ideo
343 730 470 792 racione
496 731 594 812 ipsius
626 748 726 794 areste
752 753 807 812 per
839 731 997 813 prelatum
1023 734 1202 794 lankonem
1234 752 1426 815 arcuparem
1450 734 1513 817 ipsi

244 836 382 897 Johanni
408 838 447 899 de
466 837 640 898 Ertvenche
666 837 758 915 lacte,
776 839 880 919 ipsum
903 840 1083 902 Janltonem
1101 858 1289 923 arcuparem
1306 838 1514 902 reddidimus

243 959 273 1004 et
297 944 517 1005 commisimus
542 965 576 1005 ac
605 945 794 1025 reliquimus
823 946 932 1027 vigore
958 961 988 1006 et
1019 960 1209 1009 auctor.tate
1232 944 1374 1028 ipsarum
1399 946 1512 1009 litera·

243 1068 313 1110 rum
339 1049 495 1130 regalium
521 1051 646 1130 quitum
671 1067 701 1112 et
726 1052 920 1132 expeditum.

348 1156 425 1217 ltem
441 1156 538 1217 iidem
555 1156 820 1237 adjudicaverunt
837 1178 964 1219 causam
984 1158 1199 1239 supradictam
1217 1157 1300 1220 inter
1316 1158 1509 1221 Conradum

243 1264 373 1323 llatvsar
391 1262 530 1341 judicem
550 1276 580 1324 et
599 1263 787 1346 Symonem,
805 1265 893 1344 quod
918 1285 1013 1346 super
1030 1284 1237 1346 quocumque
1262 1262 1405 1347 prefatus
1421 1264 1510 1327 Con·

241 1370 337 1430 radus
362 1369 493 1430 llas-'sar
518 1368 595 1430 feria
620 1384 706 1431 sexta
740 1371 883 1452 proxima
916 1371 1132 1451 juramentum
1166 1371 1330 1453 deponere
1362 1370 1509 1448 debebit,

242 1476 302 1536 hoc
327 1474 468 1556 prelatus
494 1476 616 1558 Symoo
643 1476 769 1538 ltalicus
793 1478 852 1537 sibi
878 1478 1047 1558 persolvet.

331 1711 426 1784 Feria
455 1724 551 1784 sexta
582 1717 734 1802 proxima
772 1728 848 1804 post
877 1717 998 1786 leslum
1028 1716 1120 1787 Anne
1148 1716 1270 1787 matris
1299 1714 1416 1787 Marie.

780 1864 848 1946 (28.
865 1868 967 1943 julat).

350 2008 425 2069 ltem
453 2008 526 2088 quia
552 2008 694 2068 Marinus
711 2006 794 2068 lilius
816 2008 926 2069 Klario
944 2008 983 2069 de
1008 2008 1136 2089 Segnia,
1154 2006 1279 2090 pridem
1302 2006 1400 2087 judex
1428 2026 1506 2069 con·

245 2114 387 2195 civisque
413 2130 530 2192 noster,
555 2115 594 2174 ad
619 2129 758 2175 nostram
777 2115 986 2195 personaliter
1014 2115 1145 2175 veniens
1169 2112 1379 2196 presenciam,
1407 2114 1504 2176 nobis

241 2240 280 2281 eo
304 2221 403 2282 modo
427 2220 607 2300 significare
632 2221 754 2281 curavit
779 2221 950 2301 querulosa
975 2237 1006 2282 et
1035 2220 1294 2299 lamentabiliter,
1317 2233 1353 2280 ut
1377 2238 1441 2282 una
1465 2220 1504 2283 li·

239 2341 304 2388 tera
329 2348 384 2387 sua
409 2327 618 2408 privilegialis
653 2347 710 2408 pro
743 2342 830 2408 parte
855 2327 903 2387 sui
935 2346 1030 2407 super
1054 2326 1194 2407 quadarn
1228 2326 1320 2388 vinea
1345 2326 1378 2388 in
1411 2327 1505 2389 terri·

239 2434 322 2494 torio
347 2434 482 2494 civitatis
501 2433 641 2514 predicte
659 2433 740 2494 inter
762 2433 888 2494 vineam
913 2432 1067 2494 Anthonii
1094 2430 1245 2513 lutifiguli
1262 2434 1303 2495 ab
1326 2450 1390 2493 una
1413 2432 1503 2495 vide·

241 2541 314 2601 licet
339 2560 355 2600 a
380 2539 632 2620 septemtrionali
658 2554 745 2620 parte
773 2559 809 2599 ac
842 2539 960 2599 lladler
984 2541 1023 2600 ab
1055 2540 1154 2600 altera
1180 2538 1331 2600 videlicet
1363 2538 1505 2600 ameri-

242 2646 363 2707 dionali
384 2661 483 2727 parte,
509 2645 644 2726 desuper
669 2666 685 2705 a
711 2645 761 2705 via
785 2646 948 2706 communi
967 2646 1006 2705 ab
1025 2644 1215 2705 occidentali
1242 2658 1273 2704 et
1296 2640 1378 2707 iufra
1400 2662 1503 2726 usque

241 2754 280 2813 ad
306 2753 440 2815 fluvium
477 2767 620 2812 nostrum
658 2752 807 2812 metalem
844 2752 951 2814 habita
985 2766 1015 2812 et
1051 2752 1216 2829 existente,
1249 2772 1281 2811 se
1313 2751 1501 2831 extendens,

241 2860 363 2920 dudum
390 2858 533 2919 conlecta
559 2872 590 2919 et
617 2871 763 2919 emanata
797 2858 964 2920 casualiter
996 2861 1098 2919 abeo
1132 2857 1297 2938 deperdita
1322 2871 1354 2920 et
1385 2858 1502 2921 amisse

244 2966 354 3026 luisset
379 2980 409 3027 et
433 2967 602 3039 extitisset;
628 2980 658 3025 et
679 2965 753 3044 quia
778 2964 890 3025 eadem
909 2965 998 3025 litera
1018 2964 1116 3045 ipsius
1134 2964 1248 3025 Marini
1274 2963 1389 3042 judicis
1406 2964 1503 3046 privi-

241 3072 365 3152 legialis
389 3091 483 3152 super
516 3071 627 3131 eadem
661 3072 753 3130 vinea
788 3090 844 3130 sua
877 3071 998 3130 dudum
1033 3069 1176 3131 confecta
1211 3085 1241 3130 et
1265 3084 1411 3131 emanata
1444 3090 1503 3153 pro

241 3192 328 3259 parte
353 3179 399 3238 sui
426 3192 457 3237 ut
491 3176 657 3258 prefertur,
694 3176 733 3236 ad
758 3178 873 3237 trinam
900 3176 1059 3238 forensem
1079 3192 1109 3237 et
1135 3178 1297 3258 publicam
1323 3177 1502 3258 proclama·

240 3286 366 3344 cionem
393 3304 448 3365 per
474 3304 531 3343 nos
554 3304 590 3343 ex
609 3283 736 3343 instanti
763 3284 861 3363 ipsius
886 3284 1001 3343 Marini
1019 3284 1133 3361 judicis
1157 3283 1329 3364 peticione,
1354 3303 1409 3365 per
1426 3303 1502 3346 eum

240 3391 333 3450 nobis
366 3391 511 3471 superius
535 3410 590 3470 per
624 3409 778 3469 precones
810 3405 934 3449 nostros
967 3409 1154 3449 communes
1187 3388 1252 3450 fieri
1286 3390 1501 3469 commissam,

240 3497 354 3556 nullibi
382 3496 514 3556 inveniri
535 3496 648 3575 potuit,
674 3510 702 3555 et
728 3496 770 3555 ob
789 3495 849 3554 hoc
875 3496 958 3556 idem
979 3496 1228 3573 blarinusjudex
1254 3516 1312 3555 nos
1337 3496 1502 3558 humiliter

240 3620 269 3663 et
296 3603 520 3663 instantissime
546 3622 703 3683 supereo
736 3602 918 3682 postulavit,
945 3618 975 3661 ut
1002 3622 1060 3661 nos
1092 3602 1226 3661 eandem
1258 3602 1384 3662 vineam
1409 3621 1501 3664 suam

240 3710 269 3769 in
289 3710 448 3769 vicinitate
469 3710 648 3789 supradicta
660 3708 811 3784 habitam,
831 3708 861 3767 in
880 3709 969 3768 cuius
987 3709 1079 3767 vinee
1094 3708 1239 3768 dominio
1258 3708 1343 3769 idem
1359 3708 1502 3770 Marinus

238 3837 255 3876 a
281 3816 335 3876 diu
361 3816 536 3896 retrolapsa
561 3830 706 3895 tempore
731 3834 796 3895 quo
821 3834 959 3894 eampro
985 3828 1067 3873 certa
1090 3813 1299 3894 pecuniarum
1324 3813 1501 3894 quantitate

238 3938 477 4004 comparaverat
502 3938 530 3981 er
557 3942 657 4003 usque
682 3940 767 3981 nutrc
792 3920 922 4001 pacifice
951 3920 1092 4000 possedit
1117 3935 1147 3980 et
1171 3920 1345 4001 permansit
1370 3921 1499 3981 nemine

239 4030 366 4111 penitus
390 4028 639 4103 contradicente,
664 4028 763 4088 literis
791 4027 906 4087 nostris
932 4027 1023 4086 novis
1055 4027 1309 4107 privilegialibus
1341 4025 1497 4088 ratificare

238 4153 268 4199 et
285 4136 473 4198 conlirmare
498 4136 704 4215 dignaremur
729 4149 883 4215 perpetuo
909 4132 1154 4213 possidendam,
1180 4148 1210 4194 et
1235 4133 1309 4193 ideo
1335 4153 1393 4194 nos
1417 4133 1498 4214 peti·

239 4246 385 4305 clunibus
403 4242 547 4303 eiusdem
575 4240 688 4301 ,llarini
708 4240 821 4315 judicis
835 4254 999 4320 tamquam
1018 4238 1108 4317 justis
1125 4254 1155 4299 et
1173 4239 1387 4317 juriconsonis
1404 4240 1499 4320 digne

238 4350 396 4411 exauditis
420 4366 449 4410 et
467 4349 624 4423 admissis,
643 4347 816 4428 predictam
836 4346 961 4406 vineam
980 4364 1070 4405 suam
1096 4364 1168 4406 cum
1186 4346 1338 4405 omnibus
1355 4345 1498 4406 eiusdem

239 4456 431 4517 utilitatibus
456 4456 559 4515 eidem
587 4454 712 4514 Marino
738 4451 833 4525 judici
861 4452 1015 4531 premisso
1045 4450 1223 4530 empcionis
1248 4451 1343 4511 titulo
1368 4451 1427 4511 sibi
1454 4450 1500 4510 in·

238 4562 402 4623 cumbenti
427 4580 462 4621 ac
488 4580 543 4640 per
567 4578 639 4619 eum
665 4560 730 4618 suis
755 4557 926 4617 heredibus
942 4557 1041 4617 literis
1062 4558 1178 4618 nostris
1202 4557 1293 4617 novis
1317 4556 1498 4638 privilegia·

240 4668 326 4729 libus
349 4666 609 4729 confirmavimus
634 4665 702 4741 jure
735 4680 890 4744 perpetuo
915 4678 945 4724 et
979 4664 1228 4723 irrevocabiliter
1260 4662 1499 4743 possidendam,

236 4776 408 4837 tenendam
433 4776 550 4855 pariter
572 4787 602 4834 et
627 4770 806 4831 habendam
832 4790 867 4831 ac
891 4769 977 4849 juxta
1012 4768 1238 4831 condicionem
1263 4768 1400 4831 civitatis
1424 4788 1496 4851 pre·
