3488 5272
253 370 311 433 ¹9⁰
663 357 749 412 Anno
772 351 867 432 1460.
894 389 934 398 —
959 370 991 433 4.
1008 356 1093 432 julii.

246 584 365 646 equum
392 585 447 645 per
464 563 604 646 prelatos
628 579 750 626 actores
774 565 804 625 in
824 565 873 626 via
904 581 1064 645 repertum
1089 581 1120 627 et
1145 566 1183 627 ad
1209 567 1341 629 domum
1361 568 1503 650 ipsorum

246 669 389 748 ductum,
414 669 518 731 taliter
542 669 634 750 jurati
654 670 928 748 adjudicaverunt,
953 671 1040 752 quod
1066 684 1138 753 post
1162 687 1307 734 octavam
1330 673 1415 733 diem
1434 671 1508 734 festi

245 779 337 837 beate
363 776 562 857 Margaretlie
602 774 678 837 feria
705 776 854 838 videlicet
878 792 964 838 sexta
987 776 1099 858 prelati
1125 793 1259 852 actores,
1284 778 1420 859 quilibet
1444 792 1510 839 met

244 884 371 959 tercius,
388 882 499 943 debuit
520 882 735 961 juramentum
754 895 893 964 prestare
912 883 943 944 in
959 902 1008 961 e0‚
1025 883 1114 965 quod
1132 884 1190 966 ipsi
1210 883 1368 966 prelatum
1386 904 1507 965 equum

245 1008 309 1050 non
334 990 558 1050 subtraxerunt
582 1009 640 1050 nec
665 989 813 1071 potencia
838 990 1000 1051 mediante
1025 1002 1232 1072 receperunt3
1269 1009 1334 1072 quo
1359 991 1508 1072 deposito

244 1094 384 1177 prelatus
408 1095 560 1157 dominus
586 1096 696 1157 Petrus
729 1097 936 1158 convincetur
971 1110 1081 1158 contra
1114 1096 1245 1158 eosdem
1269 1096 1301 1159 in
1326 1097 1400 1158 vivo
1425 1095 1507 1179 (hlo-

243 1203 370 1284 magio;
396 1217 427 1264 et
450 1203 589 1264 termino
621 1202 812 1265 adveniente
838 1203 898 1285 ipsi
931 1203 1083 1264 Clemens
1115 1216 1145 1264 et
1178 1203 1264 1264 lwlto
1289 1202 1509 1284 deposuerunt

244 1308 462 1391 juramentum
489 1323 523 1371 ut
543 1308 713 1373 debebant.

351 1415 429 1477 ltem
455 1415 655 1496 Margaretha
681 1415 787 1497 puella
813 1430 923 1477 contra
949 1416 1078 1478 Petrum
1104 1415 1250 1477 Kathana
1275 1416 1326 1476 die
1351 1414 1506 1477 hodierna

243 1520 457 1601 juramentum
485 1522 612 1603 propria
639 1522 669 1583 in
695 1540 831 1602 persona
857 1522 1019 1605 deponere
1037 1521 1167 1584 debebit
1192 1522 1224 1583 in
1249 1541 1298 1598 eo,
1324 1522 1412 1605 quod
1436 1523 1505 1605 ipsa

244 1641 315 1710 post
341 1641 478 1690 mortem
512 1629 619 1689 uxoris
643 1628 742 1710 ipsius
768 1627 850 1688 Petri
882 1629 1001 1689 sororis
1025 1628 1175 1690 videlicet
1198 1647 1265 1706 sne,
1297 1628 1386 1689 nulla
1418 1629 1502 1689 bona

243 1734 282 1796 de
307 1734 406 1796 domo
431 1754 486 1795 sua
512 1734 642 1796 abstulit
667 1753 724 1795 nec
748 1734 932 1814 asportavit,
957 1754 1013 1816 per
1044 1734 1278 1814 judicacionem
1304 1732 1504 1812 juratorum;

242 1841 281 1901 de
314 1860 380 1921 quo
412 1840 532 1920 judicio
564 1845 704 1922 prefatus
737 1840 848 1902 Petrus
880 1859 944 1902 non
977 1855 1145 1902 contentus
1177 1840 1351 1922 appellavit
1382 1840 1421 1901 ad
1456 1860 1506 1902 se·

243 1947 347 2008 niores
371 1946 502 2025 jndices.

349 2053 425 2115 Item
451 2073 507 2135 per
530 2052 807 2132 adjudicacionem
842 2053 1017 2131 iuratorum
1044 2054 1143 2115 Elena
1168 2054 1288 2115 mulier
1313 2067 1422 2115 contra
1447 2053 1505 2114 Pe-

241 2173 324 2221 trum
351 2160 496 2221 Kathana
521 2159 649 2240 propria
675 2160 706 2219 in
732 2178 867 2240 persona
893 2158 1106 2239 juramentum
1131 2159 1292 2241 deponere
1317 2159 1448 2222 habebit
1473 2159 1504 2219 in

242 2284 291 2343 eo,
317 2265 404 2346 quod
431 2266 497 2345 ipsa
523 2265 610 2325 nulla
637 2265 728 2346 plura
751 2266 835 2326 bona
861 2265 960 2346 ipsius
978 2266 1061 2327 Petri
1086 2280 1190 2347 preter
1207 2266 1272 2344 illa,'
1297 2286 1359 2348 que
1377 2264 1505 2326 fuerunt

241 2372 301 2433 sibi
327 2391 383 2452 per
407 2369 561 2452 prefatam
596 2370 831 2451 Margaretham
865 2370 1079 2453 inpignorata,
1112 2372 1248 2434 habetur
1272 2385 1303 2434 et
1327 2392 1385 2433 nec
1409 2372 1505 2432 habet

241 2478 280 2538 de
307 2478 464 2559 presenti;
496 2476 535 2538 de
568 2495 633 2558 qno
659 2475 779 2555 judicio
811 2477 988 2557 juratorum
1022 2476 1164 2559 prelatus
1197 2478 1308 2539 Petrus
1339 2496 1404 2538 non
1429 2496 1504 2538 eon·

240 2598 346 2645 tentus
369 2582 542 2665 appellavit
568 2583 606 2643 ad
633 2583 775 2643 seniores
799 2581 932 2662 judices.

347 2689 422 2750 ltem
449 2688 663 2765 iuramentum
690 2688 830 2749 Fernecz
856 2687 1006 2750 Belchich
1042 2709 1098 2770 per
1130 2689 1250 2769 juratos
1273 2689 1504 2769 adjudicatum,

241 2795 326 2857 idem
341 2809 434 2878 prout
449 2795 588 2855 debebat
603 2794 769 2876 deposuit;
795 2814 890 2876 snper
903 2813 968 2876 quo
983 2814 1041 2856 nos
1053 2795 1293 2857 mittimuseum
1307 2793 1502 2877 expeditum.

346 2901 422 2961 ltem
440 2920 497 2982 per
514 2899 793 2979 adjudicationem
811 2899 988 2972 juratorum
1008 2898 1169 2980 Georgius
1188 2901 1331 2962 medicus
1348 2900 1503 2962 hodierna

240 3006 291 3067 die
318 3006 532 3080 iuramentum
558 3006 720 3086 deponere
746 3004 876 3067 habebit
909 3020 1018 3067 contra
1044 3006 1250 3067 Valentinum
1278 3006 1438 3067 literatum
1463 3005 1502 3066 de

241 3112 420 3190 Kolosvvar,
446 3113 550 3193 primo
577 3113 607 3172 in
633 3132 682 3188 eo,
708 3112 794 3192 quod
822 3111 887 3192 ipse
905 3112 1095 3173 Valentinus
1120 3132 1183 3172 non
1209 3112 1394 3192 plusquam
1420 3111 1502 3172 duos

240 3216 308 3277 llor.
342 3218 408 3277 auri
442 3238 566 3278 servare
592 3217 752 3292 dedisset3
784 3219 936 3295 secundo,
970 3219 1057 3300 quod
1090 3219 1278 3280 vestimenta
1310 3237 1366 3298 per
1397 3218 1502 3299 ipsum

242 3322 418 3403 Georgium
445 3325 605 3384 medicum
633 3324 691 3404 ipsi
717 3323 889 3385 l'alentino
914 3325 986 3385 data
1013 3345 1076 3384 non
1102 3324 1327 3386 reservivisset.

347 3430 421 3491 ltem
448 3430 547 3490 eciam
574 3430 714 3509 prelatus
739 3429 928 3490 Valentinus
961 3431 1075 3491 eodem
1108 3431 1160 3491 die
1191 3431 1307 3509 jurabit
1331 3447 1501 3511 supereo,

238 3536 325 3616 qnod
342 3537 405 3616 ipse
425 3537 545 3596 nullutn
572 3536 822 3616 disposicionem
847 3556 956 3596 seeum
982 3537 1142 3597 habuisset
1168 3536 1207 3597 ad
1225 3535 1441 3597 serviendum.
1460 3570 1499 3580 -

239 3643 437 3722 Quiqnidem
464 3643 612 3720 ntagister
639 3642 799 3721 Georgius
824 3641 972 3722 deposuit
1001 3643 1226 3719 juramentum,
1254 3658 1283 3703 et
1308 3643 1412 3722 ipsum
1438 3641 1501 3701 l’a·

238 3750 394 3809 lentinum
421 3770 484 3807 nnn
512 3750 595 3808 misit
622 3748 722 3816 iurare
748 3764 777 3808 et
803 3747 941 3808 eundem
967 3749 1105 3808 reddidit
1129 3749 1324 3829 expeditum.

345 3856 420 3914 ltetn
447 3875 572 3914 rattruut
600 3856 680 3914 inter
699 3854 897 3914 :lntltonittm
917 3856 1074 3914 seniorem
1101 3856 1238 3931 judicem
1265 3870 1294 3915 et
1314 3854 1498 3915 Ladislaum

239 3960 505 4020 (lastrantlmnielt
540 3961 666 4019 rtteione
699 3960 911 4039 qtrarunrdam
945 3960 1253 4021 dehonestationem
1279 3975 1309 4022 et
1333 3961 1498 4040 signanter

238 4068 312 4147 qnia
347 4068 448 4146 ipsunt
481 4067 679 4124 :lntltonittnt
706 4064 819 4124 l'alsunt
854 4066 990 4131 indicent
1026 4067 1233 4146 appellasset:
1268 4087 1304 4127 ex
1338 4085 1404 4146 quo
1438 4065 1499 4127 ltoc

237 4175 413 4253 approbare
440 4193 503 4231 nun
539 4173 652 4251 potnit.
679 4171 751 4229 iden
782 4173 947 4230 cutavicttts
978 4188 1023 4231 est
1056 4187 1164 4232 contra
1195 4174 1333 4232 eundern
1360 4172 1391 4231 in
1425 4172 1500 4231 vivo

239 4280 407 4357 homagio:
443 4280 481 4337 de
508 4299 572 4358 quo
600 4278 717 4341 indicio
754 4278 928 4339 iuratorum
962 4275 1102 4357 prelatus
1136 4279 1301 4338 {ladislaus
1325 4298 1390 4338 non
1423 4297 1499 4338 con-

237 4399 342 4445 tentus
366 4385 538 4464 appellavit
564 4383 602 4441 :td
629 4384 769 4442 seniores
795 4383 924 4447 ittdiees.

343 4490 419 4550 ltern
445 4510 571 4549 cattsant
598 4490 678 4548 inter
706 4488 876 4547 llartinntn
904 4488 1040 4553 indicent
1066 4505 1095 4549 et
1121 4489 1300 4549 ‚loliannem
1318 4490 1497 4571 Baptistam

237 4599 364 4656 racione
390 4596 553 4655 enittsdant
580 4611 660 4654 terre
686 4594 814 4653 satiabilis
850 4595 1065 4655 mediantibus
1090 4596 1188 4657 literis
1213 4597 1349 4657 civitatis
1373 4595 1496 4677 prefate

238 4703 365 4762 vendite
389 4717 418 4760 et
444 4702 571 4762 tandein
598 4704 637 4759 ab
662 4701 776 4760 eodeni
798 4700 934 4759 blattina
957 4700 1052 4765 ittdiei
1079 4720 1133 4781 per
1158 4704 1277 4781 regiam
1298 4702 1496 4763 Maiestatem

236 4808 418 4879 dijudicate.
453 4808 543 4875 iurati
576 4808 619 4867 sie
652 4807 933 4873 adiudicaterunt.
966 4807 1054 4887 quod
1086 4828 1122 4866 es
1155 4827 1221 4887 quo
1254 4809 1321 4888 ipse
1357 4808 1498 4891 Baptista
