3488 5272
640 288 726 347 Anno
749 301 839 367 1473.
866 321 907 331 —
931 283 962 347 8.
987 285 1099 348 martii.

554 500 784 583 Cristophorus
808 500 1006 584 Mechytreb.

554 607 692 668 lacobus
716 606 867 686 agricola.

552 713 698 775 Andreas
721 733 893 795 germanus
917 713 1041 776 domini
1067 713 1233 776 Johaunis.

554 820 673 883 Paulus
696 834 795 883 sutor.

555 926 716 1008 Georgius
738 941 837 990 sutor.

554 1034 747 1096 Benedictus
770 1031 866 1095 frater
890 1033 1088 1115 Andreyczc.

554 1140 699 1202 Andreas
724 1139 926 1222 Mosnarych.

553 1247 639 1308 lwan
662 1247 802 1329 sellipsr.

553 1353 741 1415 Franciscus
765 1350 915 1436 freuipar.

555 1460 743 1521 Franciscus
767 1459 993 1541 carpentarius.

555 1566 693 1627 lacobus
718 1565 845 1647 Sporar.

555 1672 707 1732 Nicolaus
736 1671 887 1752 agricola.

552 1779 698 1860 Mathyas
721 1798 821 1859 gener
844 1778 1032 1861 Werichyn.

553 1886 699 1946 Andreas
723 1885 845 1947 Twlar.

554 1992 726 2070 Barnabas,
750 1990 960 2074 Namezuylr'
987 1991 1114 2053 Martini
1138 1991 1217 2054 alias
1240 1990 1365 2072 judicis.

556 2099 786 2180 Mralrowyczc.

344 2292 422 2354 Item
446 2290 560 2375 prefati
585 2291 709 2353 Blasius
732 2291 839 2370 judex,
863 2291 956 2370 jurati
981 2312 1016 2353 sc
1041 2292 1215 2352 consiliarii
1241 2310 1312 2353 cum
1341 2310 1500 2351 consensu

239 2410 270 2460 et
286 2399 513 2460 commissione
530 2419 566 2460 sc
600 2399 745 2460 unanimi
771 2413 800 2460 et
825 2399 976 2461 concordi
1002 2400 1167 2460 voluntate
1192 2413 1223 2459 et
1246 2397 1375 2459 decreto
1398 2397 1502 2459 tocius

237 2505 478 2567 communitatis
508 2506 618 2566 omnia
652 2506 777 2567 decreta
802 2520 833 2566 et
868 2520 983 2567 statuta
1014 2520 1079 2568 tam
1105 2507 1136 2567 in
1170 2505 1308 2587 presenti
1339 2524 1435 2587 quam
1468 2504 1500 2564 in

238 2612 378 2694 antiquis
402 2611 560 2673 cathernis
584 2613 700 2674 nostris
723 2626 871 2674 contenta
901 2628 932 2673 et
955 2614 1070 2696 scripta
1096 2612 1203 2694 quoad
1221 2631 1334 2673 omnes
1350 2610 1502 2673 articulos

238 2733 269 2779 et
298 2732 417 2801 puncta
441 2738 477 2779 ac
509 2719 669 2780 clausulas
700 2719 889 2781 eorumdem
927 2733 1116 2780 statutorum
1150 2735 1181 2780 et
1212 2718 1413 2780 decretorum
1444 2736 1501 2798 per

238 2837 341 2887 totum
358 2845 479 2886 annum
497 2827 653 2907 presentis
669 2825 827 2904 judicatus
845 2825 943 2908 ipsius
961 2826 1056 2887 Blasii
1074 2825 1188 2905 judicis
1215 2839 1246 2885 et
1268 2837 1501 2906 consequenter

237 2946 267 2992 et
290 2931 442 3013 deinceps
464 2931 532 3013 jure
556 2946 713 3015 perpetuo
742 2947 773 2993 et
798 2933 1049 2994 irrevocabiliter
1080 2930 1352 2993 confirmaverunt
1374 2949 1501 3011 semper

237 3037 371 3099 valitura
396 3052 428 3099 et
451 3057 578 3120 semper
604 3039 814 3101 observanda.

342 3161 422 3223 Item
444 3161 522 3224 feria
538 3164 633 3224 tercia
652 3163 796 3245 proxima
815 3177 885 3246 post
902 3163 1098 3224 dominicam
1117 3162 1347 3239 Reminiscere,
1365 3161 1501 3221 circum·

238 3282 364 3349 spectus
387 3283 417 3329 et
434 3269 589 3352 providus
606 3269 653 3330 vir
667 3269 867 3346 Valentinus,
892 3270 970 3330 alias
983 3270 1077 3350 judex
1091 3269 1199 3330 senior
1223 3268 1366 3348 civisque
1383 3281 1501 3344 noster,

237 3374 277 3435 ad
300 3395 429 3436 eausam
455 3389 606 3438 attractus
638 3396 694 3458 per
724 3377 990 3458 circumspectum
1025 3377 1217 3458 Dyonisium
1252 3374 1428 3457 Sipchyczc
1453 3394 1501 3435 ra·

238 3481 330 3542 cione
363 3483 578 3563 quarumdam
610 3503 716 3544 rerum
749 3497 955 3544 arestatarum
987 3484 1019 3543 in
1051 3483 1137 3561 sede,
1168 3503 1201 3543 se
1233 3483 1367 3543 omnino
1392 3496 1422 3542 et
1445 3501 1502 3564 pe·

239 3585 322 3649 uitus
345 3589 479 3671 excepit.

342 3713 418 3775 Item
446 3713 694 3796 circumspectus
719 3714 894 3796 Dyouisius
927 3713 1102 3796 Sipchyczc
1135 3714 1276 3774 concivis
1300 3726 1408 3775 noster
1432 3732 1500 3773 are-

242 3818 382 3880 stscione
406 3820 619 3901 quarumdam
653 3840 757 3882 rerum
784 3839 840 3901 per
868 3819 987 3899 juratos
1017 3835 1223 3881 arestatarum
1249 3835 1393 3901 tempore
1417 3819 1500 3898 judi·

238 3937 325 3986 catus
348 3925 568 4007 circumspecti
594 3926 756 3987 Valentini
790 3924 955 4003 factarum,
986 3929 1025 3987 ab
1055 3928 1143 3987 omni
1178 3926 1382 4008 impericione
1407 3945 1441 3986 ac
1468 3925 1499 3986 in

239 4028 393 4108 judicium
418 4033 611 4094 attraccione
636 4032 754 4094 etalio
779 4033 895 4113 quovis
919 4033 1152 4114 impedimento
1177 4030 1333 4115 prefatum
1360 4031 1499 4109 judicem

239 4133 446 4205 Valentinum
471 4157 529 4220 per
551 4139 660 4199 omnia
687 4139 773 4200 misit
797 4139 923 4219 quitum
949 4155 979 4199 et
1004 4138 1181 4220 pacificum.

343 4261 420 4322 Item
454 4281 548 4323 causa
581 4263 662 4323 inter
697 4262 849 4323 Mathism
885 4264 1044 4324 literatum
1078 4279 1107 4323 et
1148 4264 1412 4344 circumspectum
1447 4263 1499 4323 lo-

238 4363 376 4428 hannem
414 4368 641 4450 Soldiusryczc
675 4389 711 4429 ex
745 4369 908 4430 voluntate
941 4373 1106 4430 ambarum
1141 4370 1283 4449 parcium
1315 4372 1354 4430 ad
1388 4368 1499 4431 leriam

238 4471 368 4534 terciam
392 4473 572 4556 proximam
601 4489 673 4557 post
705 4473 819 4536 festum
853 4476 935 4537 beati
971 4476 1136 4536 Benedicti
1168 4476 1291 4536 abbatis
1315 4495 1370 4536 seu
1396 4475 1498 4538 domi·

238 4577 342 4640 uicsm
366 4576 462 4642 Oculi
487 4594 534 4642 est
557 4594 738 4663 prorogata.

340 4770 356 4807 0
373 4770 542 4838 Nuletmik
562 4797 595 4819 =
617 4789 760 4827 successor.
856 4816 861 4827 .
