3488 5272
1231 399 1501 406 —---————.

598 505 698 586 Kyrin
726 504 820 565 frater
845 503 978 584 Georgii
1003 505 1129 566 sutoris.

599 611 745 671 Thomas
768 611 882 692 pintar.

599 715 775 796 Gregorius
800 715 939 797 pellifex.

598 823 743 883 Andreas
768 842 906 884 mosnar.

599 930 737 990 lacobus
762 928 1014 992 Pethkowichin.

600 1037 747 1101 Michael.

600 1143 718 1204 Paulus
742 1142 840 1204 faber.

599 1250 774 1329 Gregorius
797 1269 896 1329 gener
920 1248 1141 1333 Thlralychne.

600 1356 713 1418 Gallus
738 1371 835 1418 sutor.

602 1461 777 1542 Gregorius
802 1476 899 1523 sutor.

601 1570 730 1629 Hansek
758 1569 970 1632 barbitonsor.

601 1675 761 1755 Georgius
785 1695 927 1756 arcupar,

601 1781 745 1842 Thomas
770 1782 995 1863 carpentarius,

601 1888 753 1948 Nicolaus
781 1886 930 1969 frenipar.

346 2082 422 2142 ltem
448 2080 560 2162 prefati
594 2080 718 2143 Blasius
750 2081 843 2160 judex
869 2094 899 2141 et
931 2080 1023 2159 iurati
1052 2102 1088 2142 ac
1122 2081 1296 2142 consiliarii
1329 2100 1400 2141 cum
1426 2099 1502 2142 con·

239 2210 335 2250 sensu
368 2203 397 2249 et
430 2188 668 2266 commissione,
700 2188 844 2247 unanimi
877 2201 908 2248 et
936 2188 1086 2248 concordi
1120 2188 1285 2248 voluntate
1318 2201 1348 2248 et
1373 2188 1502 2248 decreto

238 2297 342 2358 tocius
366 2296 615 2372 communitatis,
640 2294 748 2355 omnia
782 2294 919 2369 decreta,
944 2308 1059 2355 statuta
1092 2309 1156 2354 tarn
1183 2295 1213 2354 in
1240 2294 1378 2374 presenti
1404 2312 1501 2374 quarn

241 2403 271 2463 in
297 2401 437 2482 antiquis
462 2401 622 2461 kathernis
647 2400 763 2461 nostris
788 2413 936 2459 contenta
963 2412 993 2460 et
1021 2400 1134 2481 scripta
1161 2399 1268 2480 quoad
1293 2418 1406 2460 ornnes
1429 2399 1502 2459 arti·

240 2509 330 2570 culos
354 2521 384 2569 et
409 2521 524 2588 puncta
550 2520 580 2567 et
613 2507 770 2566 clausulas
802 2506 990 2566 eorumdem
1024 2520 1215 2567 statutorum
1246 2520 1275 2566 et
1300 2506 1501 2567 decretorum

240 2636 296 2697 per
319 2629 422 2677 totum
455 2634 574 2674 annum
607 2614 762 2694 presentis
794 2613 951 2692 judicatus
985 2615 1082 2695 ipsius
1112 2614 1207 2675 Blasii
1235 2614 1349 2694 judicis
1373 2628 1402 2675 et
1427 2633 1502 2675 con·

239 2735 410 2803 sequenter
435 2733 465 2781 et
489 2721 641 2801 deinceps
666 2721 732 2800 jure
758 2735 911 2800 perpetuo
937 2734 967 2781 et
997 2721 1248 2783 irrevocabiliter
1272 2720 1502 2782 confirmarunt

239 2848 366 2909 semper
391 2828 525 2887 valitura
551 2839 581 2887 et
606 2826 736 2886 tirmiter
761 2827 970 2888 observanda.

348 2953 438 3012 Feria
464 2952 574 3031 quinta
613 2952 756 3032 proxima
782 2966 854 3011 ante
879 2952 1075 3013 dominicam
1106 2954 1217 3013 Letare
1243 2954 1373 3014 domina
1400 2953 1504 3013 Doro·

240 3059 312 3119 thea
338 3059 446 3118 relicta
472 3058 608 3117 condam
636 3057 762 3118 lllartini
790 3059 925 3138 prestitit
947 3059 1160 3135 juramentum
1188 3061 1217 3120 in
1246 3060 1378 3120 ecclesia
1403 3059 1503 3120 sancti

241 3165 339 3224 Marci
367 3165 397 3223 in
417 3184 469 3223 ara
494 3177 581 3222 sante
601 3164 723 3238 Crucis,
749 3179 893 3243 presente
919 3165 1060 3244 quodam
1081 3167 1186 3247 Sydan
1207 3167 1245 3226 de
1273 3164 1430 3241 l'x'lolcoch,
1448 3166 1502 3246 qui

240 3283 450 3349 proposuerat
486 3268 625 3347 quodam
653 3269 796 3328 debitum
830 3284 938 3329 contra
972 3270 1129 3350 prelatum
1155 3273 1290 3331 condam
1319 3272 1503 3348 Martinam,

241 3388 271 3435 et
296 3374 430 3455 prestitit
463 3374 517 3434 tali
551 3374 661 3450 mod0,
693 3374 779 3453 quod
814 3375 879 3454 ipsa
912 3375 1043 3435 domina
1079 3377 1240 3438 Dorotlrea
1277 3398 1339 3437 non
1374 3378 1504 3437 haberet

240 3481 364 3560 aliquas
390 3500 437 3540 res
463 3481 560 3560 ipsius
585 3480 721 3539 condam
750 3482 876 3540 Martini
898 3483 982 3562 apud
1008 3504 1040 3543 se
1067 3499 1170 3563 preter
1196 3487 1282 3565 quod
1310 3485 1503 3566 presentavit

241 3587 345 3648 eidem
372 3587 491 3669 Sydan,
525 3602 554 3646 et
588 3586 647 3646 hoc
673 3606 778 3647 coram
813 3587 989 3665 AnthouiO,
1023 3589 1167 3650 iohanne
1200 3591 1320 3669 juratis,
1348 3591 1502 3651 llichaele

241 3695 440 3775 Naspichicz,
474 3693 601 3752 llndrca
637 3693 758 3770 ltalic0,
791 3693 947 3754 llichaele
980 3710 1097 3773 sutore,
1124 3697 1216 3757 Petro
1245 3698 1354 3757 Koncz
1381 3711 1409 3756 et
1434 3696 1503 3756 aliis

241 3800 497 3881 quampluribus.

426 4037 521 4108 Feria
552 4046 648 4107 sexta
679 4041 831 4126 proxima
861 4048 938 4110 ante
968 4042 1167 4111 dominicam
1198 4042 1325 4112 letare.

775 4193 816 4265 (3.
841 4195 963 4267 rrrurtri).

349 4335 380 4393 ln
407 4354 499 4393 causa
528 4335 607 4394 inter
635 4334 761 4395 Petrum
788 4334 865 4393 alias
897 4349 1154 4415 campanatorem
1182 4353 1212 4399 et
1238 4340 1363 4399 l‘etrum
1392 4340 1501 4400 Koncz

241 4439 374 4516 dictum,
399 4439 535 4520 prelixus
560 4455 605 4500 est
624 4441 778 4499 terminus
795 4439 898 4500 cidem
920 4441 1011 4500 l‘etro
1031 4441 1140 4501 Koncz
1165 4445 1252 4523 quod
1283 4446 1396 4505 debeat
1415 4465 1500 4505 corn·

241 4565 349 4625 parere
375 4559 405 4605 et
430 4544 623 4626 respondere
649 4545 687 4605 ad
713 4547 849 4627 primam
877 4545 962 4605 diem
989 4545 1199 4625 judiciariam.

348 4650 379 4711 ln
406 4670 498 4711 causa
525 4652 605 4712 inter
630 4651 809 4712 iohannem
838 4653 997 4712 seniorem
1031 4652 1179 4713 videlicet
1204 4656 1278 4716 anni
1304 4657 1444 4737 preteriti
1471 4671 1502 4718 et

242 4757 448 4819 Valentinum
474 4759 621 4820 similiter
643 4761 802 4821 seniorem
827 4757 949 4838 judices
966 4773 996 4819 et
1020 4757 1150 4839 juratos,
1174 4781 1209 4822 ac
1234 4778 1322 4844 parte
1347 4784 1383 4824 ex
1401 4765 1499 4826 altera
