3488 5272
605 330 805 406 Anno145o.
831 362 871 373 -
895 340 943 405 27.
961 329 1122 403 februarii.

659 541 735 602 ltem
761 540 879 601 Paulus
903 554 1013 602 sartor.

658 647 735 708 ltem
760 647 886 708 Marcus
910 645 1060 728 agricola.

654 753 731 815 ltem
758 753 892 835 Egidius
916 766 1068 835 purgator
1091 751 1287 834 gladiorum.

658 859 735 921 ltem
762 859 929 921 Ladislaus
953 858 1243 941 Czaranthowych.

658 966 735 1028 ltem
761 967 915 1028 Nicolaus
939 966 1084 1047 llenkyn.

655 1072 732 1134 Item
757 1072 868 1134 Petrus
895 1072 1031 1154 sagipar.

658 1179 736 1241 ltem
762 1178 953 1241 Benedictus
976 1175 1117 1260 pellifex.

658 1286 737 1348 ltem
761 1285 913 1349 Clemens
937 1284 1078 1367 pellifex.

659 1393 737 1455 ltem
762 1393 887 1454 Blasius
912 1391 1049 1473 Glazyn.

659 1500 736 1562 ltem
761 1500 859 1583 Elyas
883 1513 980 1562 sutor.

658 1606 736 1669 ltem
761 1606 879 1668 Paulus
903 1619 1001 1667 sutor.

661 1714 739 1777 ltem
764 1713 909 1775 Thomas
934 1727 1033 1775 sutor.

664 1820 741 1882 ltem
767 1821 953 1881 Franciscus
979 1831 1078 1880 sutor.
1139 1880 1143 1887 ,

660 1928 737 1988 ltem
763 1928 919 1989 Martinus
942 1939 1040 1989 sutor.

661 2035 738 2096 ltem
763 2036 885 2117 Symon
910 2048 1007 2096 sutor.

660 2141 737 2202 ltem
762 2141 918 2202 Martinus
942 2154 1038 2203 sutor.

346 2334 424 2395 ltem
446 2331 587 2415 prefatus
612 2333 749 2394 lacobus
772 2333 867 2415 judex
901 2333 1036 2393 civitatis
1059 2332 1201 2415 predicte
1227 2350 1364 2394 unacum
1389 2330 1500 2412 juratis

240 2455 270 2502 et
295 2439 487 2502 consiliariis
511 2439 675 2501 modernis
698 2439 919 2521 suprascriptis
936 2459 1009 2500 cum
1026 2458 1183 2500 consensu
1207 2438 1352 2500 unanimi
1377 2451 1408 2498 et
1424 2457 1501 2499 con·

239 2546 327 2607 cordi
352 2546 517 2606 voluntate
542 2565 579 2605 ac
603 2544 732 2606 decreto
756 2546 859 2606 tocius
879 2545 1120 2606 communitatis
1136 2546 1245 2607 omnia
1270 2560 1385 2609 statuta
1404 2561 1501 2627 atque

240 2652 365 2712 decreta
389 2665 454 2711 tam
480 2651 510 2711 in
545 2651 685 2731 antiquis
717 2670 814 2731 quam
840 2652 871 2711 in
905 2651 1043 2733 presenti
1069 2652 1207 2712 laternis
1239 2667 1398 2731 contenta,
1423 2672 1499 2715 con·

239 2758 353 2840 scripta
379 2773 409 2818 et
434 2759 632 2838 consignata,
665 2757 772 2838 quoad
805 2777 917 2819 omnes
949 2758 1122 2835 clausulas,
1153 2773 1269 2839 puncta
1295 2773 1325 2821 et
1349 2759 1503 2822 articulos

240 2864 428 2925 eorumdem
460 2877 650 2924 statutorum
677 2877 707 2922 et
740 2863 954 2941 decretorum,
978 2883 1034 2944 per
1068 2877 1170 2924 totum
1203 2884 1322 2925 annum
1348 2867 1503 2947 presentis

240 2970 399 3049 judicatus
424 2971 522 3050 ipsius
546 2970 656 3030 lacobi
682 2969 796 3048 judicis
813 2970 889 3030 dicti
917 2970 1089 3050 liberspek,
1113 2990 1147 3030 ac
1172 2970 1323 3051 deinceps
1347 2986 1502 3054 perpetuo

241 3090 271 3136 et
296 3076 545 3136 irrevocabiliter
571 3076 705 3135 valitura
730 3090 759 3135 et
783 3076 982 3135 observanda
1007 3074 1245 3139 confirmarunt.

349 3182 423 3241 ltenr
444 3182 553 3241 Petrus
578 3195 665 3242 sutor
690 3196 799 3242 contra
825 3180 1002 3261 Georgium
1019 3180 1212 3258 sellatorem,
1231 3181 1380 3260 juratum,
1398 3184 1503 3265 primo

243 3290 357 3350 citatus
381 3307 445 3348 nou
476 3290 665 3368 comparuit.

348 3395 424 3455 lteur
450 3392 593 3453 'ihomas
618 3394 751 3454 (Iliaden
770 3407 877 3453 contra
905 3394 1032 3452 l‘etruru
1051 3393 1233 3473 Zrynschalt
1259 3394 1362 3474 primo
1388 3394 1502 3455 citatus

244 3520 308 3560 non
334 3501 522 3581 comparuit.

350 3606 426 3666 ltem
452 3605 536 3666 lu‘an
564 3605 752 3686 llumeuyclr
778 3619 885 3664 contra
905 3605 1065 3663 :iudicant
1085 3618 1237 3665 sartorem
1263 3606 1366 3687 primo
1391 3607 1504 3667 citatus

243 3731 307 3773 non
333 3713 521 3793 comparuit.

350 3818 427 3877 ltem
453 3818 526 3898 quia
547 3818 722 3897 Gregorius
746 3818 854 3897 Zairltu
872 3816 984 3885 dictus,
1007 3816 1192 3893 lutilipulus‚
1210 3817 1293 3878 tilius
1319 3819 1400 3879 l’etri
1431 3819 1503 3880 luti·

244 3924 344 4003 figuti,
368 3924 508 3984 concii-is
533 3938 649 3991 noster.
676 3923 705 3982 id
732 3942 803 3982 cutu
837 3920 1004 3981 sullicieuti
1030 3936 1092 3981 turn
1126 3922 1315 3983 rurrlcssoris
1337 3925 1503 3986 cuiusdam

245 4031 388 4092 mulieris
413 4030 585 4091 Scolasticu
611 4044 732 4102 arunte,
758 4028 865 4087 relicte
898 4026 1035 4085 ‹inutnn
1062 4028 1192 4105 tiaurpii
1220 4029 1379 4109 lutitiguli,
1405 4051 1503 4112 quam

244 4138 344 4197 eciam
371 4155 443 4195 cum
462 4135 625 4215 fidedignu
644 4150 824 4195 nostrorum
848 4132 1028 4193 concivium
1047 4133 1231 4193 testimonio
1257 4136 1379 4196 insede
1398 4154 1503 4199 nostra

245 4242 409 4318 judiciaria
435 4240 518 4301 clare
551 4256 581 4303 et
606 4242 722 4301 seriose
756 4237 976 4319 cutuprulurit
1010 4257 1115 4295 coruus
1149 4241 1252 4313 unlus,
1277 4256 1309 4301 ut
1334 4242 1411 4302 dum
1438 4244 1503 4324 ipsa

244 4349 352 4409 relicta
377 4346 489 4428 prelati
516 4347 646 4427 Georgii
673 4345 820 4423 lutitiguli
849 4346 878 4403 iu
905 4344 1052 4401 extra-ruis
1082 4344 1142 4401 vite
1167 4365 1221 4403 sua
1248 4349 1434 4426 temporalis
1459 4350 1503 4410 la·

246 4459 397 4530 borusset‚
429 4469 504 4514 tunc
539 4454 604 4534 ipsu
637 4452 799 4532 quaudmu
833 4452 958 4510 viueuru
991 4466 1079 4506 suurn
1115 4450 1144 4506 iu
1180 4452 1337 4511 territurio
1370 4454 1505 4515 civitatis

245 4561 397 4636 habitam,
424 4560 454 4619 iu
491 4559 650 4620 vicinitate
678 4558 767 4617 tinec
801 4556 942 4633 irrupisui
971 4552 1085 4611 llutlrei
1121 4558 1217 4613 riustri
1252 4558 1378 4633 notarii,
1401 4560 1505 4637 sitam,

245 4667 304 4727 sibi
330 4686 385 4747 per
418 4665 596 4746 predictum
630 4663 807 4743 Georgium
841 4658 1035 4737 lutitipuluur
1069 4662 1329 4722 testauuuuuliter
1355 4664 1503 4745 legatam,

245 4792 317 4835 cum
334 4773 400 4833 suis
417 4771 607 4832 utilitatibus
624 4786 653 4831 et
683 4767 887 4851 pertinenciis
910 4764 1065 4825 uniuersis
1088 4764 1257 4825 l'altuuiuu
1283 4768 1417 4848 literato,
1435 4770 1502 4833 filio
