<?xml version="1.0" encoding="UTF-8"?>
<!DOCTYPE html PUBLIC "-//W3C//DTD XHTML 1.0 Transitional//EN"
    "http://www.w3.org/TR/xhtml1/DTD/xhtml1-transitional.dtd">
<html xmlns="http://www.w3.org/1999/xhtml" xml:lang="en" lang="en">
 <head>
  <title>
</title>
<meta http-equiv="Content-Type" content="text/html;charset=utf-8" />
  <meta name='ocr-system' content='tesseract 3.04.00' />
  <meta name='ocr-capabilities' content='ocr_page ocr_carea ocr_par ocr_line ocrx_word'/>
</head>
<body>
  <div class='ocr_page' id='page_1' title='image "./monumentahistor07laszgoog_0392.png"; bbox 0 0 3488 5272; ppageno 0'>
   <div class='ocr_carea' id='block_1_1' title="bbox 236 555 1504 4894">
    <p class='ocr_par' dir='ltr' id='par_1_1' title="bbox 241 555 1504 1491">
     <span class='ocr_line' id='line_1_1' title="bbox 243 555 1504 640; baseline -0.002 -21"><span class='ocrx_word' id='word_1_1' title='bbox 243 558 438 640; x_wconf 88' lang='lat' dir='ltr'>presenciam</span> <span class='ocrx_word' id='word_1_2' title='bbox 465 558 496 618; x_wconf 93' lang='lat' dir='ltr'>in</span> <span class='ocrx_word' id='word_1_3' title='bbox 522 557 596 618; x_wconf 90' lang='lat' dir='ltr'>sede</span> <span class='ocrx_word' id='word_1_4' title='bbox 623 572 729 618; x_wconf 90' lang='lat' dir='ltr'>nostra</span> <span class='ocrx_word' id='word_1_5' title='bbox 748 557 912 637; x_wconf 84' lang='lat' dir='ltr'>judiciaria</span> <span class='ocrx_word' id='word_1_6' title='bbox 930 576 1002 617; x_wconf 93' lang='lat' dir='ltr'>cum</span> <span class='ocrx_word' id='word_1_7' title='bbox 1028 555 1196 618; x_wconf 87' lang='lat' dir='ltr'>sufficienti</span> <span class='ocrx_word' id='word_1_8' title='bbox 1223 558 1407 618; x_wconf 88' lang='lat' dir='ltr'>testimonio</span> <span class='ocrx_word' id='word_1_9' title='bbox 1432 576 1504 639; x_wconf 91' lang='lat' dir='ltr'>pro-</span> 
     </span>
     <span class='ocr_line' id='line_1_2' title="bbox 243 663 1502 745; baseline -0.002 -20"><span class='ocrx_word' id='word_1_10' title='bbox 243 667 356 725; x_wconf 93' lang='lat' dir='ltr'>borum</span> <span class='ocrx_word' id='word_1_11' title='bbox 382 680 412 725; x_wconf 85' lang='lat' dir='ltr'>et</span> <span class='ocrx_word' id='word_1_12' title='bbox 436 665 643 726; x_wconf 88' lang='lat' dir='ltr'>honestorum</span> <span class='ocrx_word' id='word_1_13' title='bbox 677 664 818 724; x_wconf 89' lang='lat' dir='ltr'>virorum</span> <span class='ocrx_word' id='word_1_14' title='bbox 851 683 960 724; x_wconf 89' lang='lat' dir='ltr'>coram</span> <span class='ocrx_word' id='word_1_15' title='bbox 986 665 1079 724; x_wconf 91' lang='lat' dir='ltr'>nobis</span> <span class='ocrx_word' id='word_1_16' title='bbox 1110 664 1343 745; x_wconf 78' lang='lat' dir='ltr'>comprobavit,</span> <span class='ocrx_word' id='word_1_17' title='bbox 1368 678 1403 725; x_wconf 92' lang='lat' dir='ltr'>ut</span> <span class='ocrx_word' id='word_1_18' title='bbox 1426 663 1502 725; x_wconf 91' lang='lat' dir='ltr'>dum</span> 
     </span>
     <span class='ocr_line' id='line_1_3' title="bbox 243 768 1504 853; baseline -0.002 -21"><span class='ocrx_word' id='word_1_19' title='bbox 243 772 308 853; x_wconf 89' lang='lat' dir='ltr'>ipse</span> <span class='ocrx_word' id='word_1_20' title='bbox 334 771 486 832; x_wconf 81' lang='lat' dir='ltr'>Clemens</span> <span class='ocrx_word' id='word_1_21' title='bbox 517 768 658 831; x_wconf 78' lang='lat' dir='ltr'>carnifex</span> <span class='ocrx_word' id='word_1_22' title='bbox 683 770 714 830; x_wconf 88' lang='lat' dir='ltr'>in</span> <span class='ocrx_word' id='word_1_23' title='bbox 748 770 896 832; x_wconf 83' lang='lat' dir='ltr'>extremis</span> <span class='ocrx_word' id='word_1_24' title='bbox 929 770 991 831; x_wconf 89' lang='lat' dir='ltr'>vite</span> <span class='ocrx_word' id='word_1_25' title='bbox 1023 789 1080 830; x_wconf 91' lang='lat' dir='ltr'>sue</span> <span class='ocrx_word' id='word_1_26' title='bbox 1111 770 1297 851; x_wconf 91' lang='lat' dir='ltr'>temporalis</span> <span class='ocrx_word' id='word_1_27' title='bbox 1329 770 1504 847; x_wconf 83' lang='lat' dir='ltr'>laborabat,</span> 
     </span>
     <span class='ocr_line' id='line_1_4' title="bbox 241 875 1503 959; baseline -0.002 -21"><span class='ocrx_word' id='word_1_28' title='bbox 241 893 316 938; x_wconf 92' lang='lat' dir='ltr'>tunc</span> <span class='ocrx_word' id='word_1_29' title='bbox 341 878 407 959; x_wconf 86' lang='lat' dir='ltr'>ipse</span> <span class='ocrx_word' id='word_1_30' title='bbox 433 877 580 938; x_wconf 90' lang='lat' dir='ltr'>universa</span> <span class='ocrx_word' id='word_1_31' title='bbox 607 879 690 937; x_wconf 93' lang='lat' dir='ltr'>bona</span> <span class='ocrx_word' id='word_1_32' title='bbox 715 896 771 937; x_wconf 92' lang='lat' dir='ltr'>sua</span> <span class='ocrx_word' id='word_1_33' title='bbox 797 895 854 937; x_wconf 89' lang='lat' dir='ltr'>nec</span> <span class='ocrx_word' id='word_1_34' title='bbox 880 895 944 937; x_wconf 94' lang='lat' dir='ltr'>non</span> <span class='ocrx_word' id='word_1_35' title='bbox 970 877 1188 958; x_wconf 88' lang='lat' dir='ltr'>possessiones</span> <span class='ocrx_word' id='word_1_36' title='bbox 1212 876 1243 937; x_wconf 95' lang='lat' dir='ltr'>in</span> <span class='ocrx_word' id='word_1_37' title='bbox 1269 876 1352 937; x_wconf 88' lang='lat' dir='ltr'>dicta</span> <span class='ocrx_word' id='word_1_38' title='bbox 1377 875 1503 937; x_wconf 88' lang='lat' dir='ltr'>civitate</span> 
     </span>
     <span class='ocr_line' id='line_1_5' title="bbox 242 981 1502 1065; baseline -0.002 -21"><span class='ocrx_word' id='word_1_39' title='bbox 242 1004 299 1044; x_wconf 89' lang='lat' dir='ltr'>ncc</span> <span class='ocrx_word' id='word_1_40' title='bbox 325 1003 387 1043; x_wconf 92' lang='lat' dir='ltr'>non</span> <span class='ocrx_word' id='word_1_41' title='bbox 414 982 529 1043; x_wconf 91' lang='lat' dir='ltr'>domos</span> <span class='ocrx_word' id='word_1_42' title='bbox 553 983 585 1043; x_wconf 92' lang='lat' dir='ltr'>in</span> <span class='ocrx_word' id='word_1_43' title='bbox 610 983 678 1043; x_wconf 90' lang='lat' dir='ltr'>eius</span> <span class='ocrx_word' id='word_1_44' title='bbox 702 983 862 1043; x_wconf 89' lang='lat' dir='ltr'>territorio</span> <span class='ocrx_word' id='word_1_45' title='bbox 887 981 1021 1061; x_wconf 85' lang='lat' dir='ltr'>habitas,</span> <span class='ocrx_word' id='word_1_46' title='bbox 1047 1002 1142 1065; x_wconf 88' lang='lat' dir='ltr'>super</span> <span class='ocrx_word' id='word_1_47' title='bbox 1167 983 1266 1063; x_wconf 85' lang='lat' dir='ltr'>ipsam</span> <span class='ocrx_word' id='word_1_48' title='bbox 1295 983 1502 1043; x_wconf 88' lang='lat' dir='ltr'>Katherinam</span> 
     </span>
     <span class='ocr_line' id='line_1_6' title="bbox 241 1087 1504 1170; baseline -0.002 -20"><span class='ocrx_word' id='word_1_49' title='bbox 241 1105 421 1151; x_wconf 87' lang='lat' dir='ltr'>consortem</span> <span class='ocrx_word' id='word_1_50' title='bbox 447 1103 477 1151; x_wconf 90' lang='lat' dir='ltr'>et</span> <span class='ocrx_word' id='word_1_51' title='bbox 502 1088 680 1150; x_wconf 89' lang='lat' dir='ltr'>lohannem</span> <span class='ocrx_word' id='word_1_52' title='bbox 706 1087 807 1150; x_wconf 85' lang='lat' dir='ltr'>filium</span> <span class='ocrx_word' id='word_1_53' title='bbox 834 1088 978 1150; x_wconf 90' lang='lat' dir='ltr'>eiusdem</span> <span class='ocrx_word' id='word_1_54' title='bbox 1008 1089 1218 1150; x_wconf 83' lang='lat' dir='ltr'>commisisset</span> <span class='ocrx_word' id='word_1_55' title='bbox 1240 1088 1448 1170; x_wconf 82' lang='lat' dir='ltr'>gubernanda</span> <span class='ocrx_word' id='word_1_56' title='bbox 1474 1103 1504 1148; x_wconf 89' lang='lat' dir='ltr'>et</span> 
     </span>
     <span class='ocr_line' id='line_1_7' title="bbox 242 1196 1503 1279; baseline -0.002 -21"><span class='ocrx_word' id='word_1_57' title='bbox 242 1198 434 1279; x_wconf 88' lang='lat' dir='ltr'>possidenda</span> <span class='ocrx_word' id='word_1_58' title='bbox 459 1197 545 1277; x_wconf 80' lang='lat' dir='ltr'>juxta</span> <span class='ocrx_word' id='word_1_59' title='bbox 577 1197 801 1258; x_wconf 90' lang='lat' dir='ltr'>condicionem</span> <span class='ocrx_word' id='word_1_60' title='bbox 835 1197 918 1258; x_wconf 88' lang='lat' dir='ltr'>dicte</span> <span class='ocrx_word' id='word_1_61' title='bbox 950 1197 1085 1257; x_wconf 90' lang='lat' dir='ltr'>civitatis</span> <span class='ocrx_word' id='word_1_62' title='bbox 1116 1196 1424 1277; x_wconf 87' lang='lat' dir='ltr'>quomodocumque</span> <span class='ocrx_word' id='word_1_63' title='bbox 1448 1215 1503 1256; x_wconf 89' lang='lat' dir='ltr'>vo·</span> 
     </span>
     <span class='ocr_line' id='line_1_8' title="bbox 243 1301 1502 1386; baseline -0.004 -21"><span class='ocrx_word' id='word_1_64' title='bbox 243 1305 337 1366; x_wconf 88' lang='lat' dir='ltr'>luerit</span> <span class='ocrx_word' id='word_1_65' title='bbox 362 1303 582 1385; x_wconf 82' lang='lat' dir='ltr'>disponenda3</span> <span class='ocrx_word' id='word_1_66' title='bbox 615 1323 708 1386; x_wconf 89' lang='lat' dir='ltr'>super</span> <span class='ocrx_word' id='word_1_67' title='bbox 733 1323 798 1384; x_wconf 93' lang='lat' dir='ltr'>quo</span> <span class='ocrx_word' id='word_1_68' title='bbox 823 1303 943 1364; x_wconf 86' lang='lat' dir='ltr'>eisdem</span> <span class='ocrx_word' id='word_1_69' title='bbox 969 1302 1142 1363; x_wconf 88' lang='lat' dir='ltr'>Katherine</span> <span class='ocrx_word' id='word_1_70' title='bbox 1175 1302 1283 1363; x_wconf 86' lang='lat' dir='ltr'>relicte</span> <span class='ocrx_word' id='word_1_71' title='bbox 1312 1314 1342 1363; x_wconf 91' lang='lat' dir='ltr'>et</span> <span class='ocrx_word' id='word_1_72' title='bbox 1367 1301 1502 1362; x_wconf 79' lang='lat' dir='ltr'>iohanni</span> 
     </span>
     <span class='ocr_line' id='line_1_9' title="bbox 242 1409 1185 1491; baseline -0.001 -20"><span class='ocrx_word' id='word_1_73' title='bbox 242 1409 309 1471; x_wconf 88' lang='lat' dir='ltr'>filio</span> <span class='ocrx_word' id='word_1_74' title='bbox 335 1410 478 1471; x_wconf 87' lang='lat' dir='ltr'>eiusdem</span> <span class='ocrx_word' id='word_1_75' title='bbox 504 1409 684 1472; x_wconf 87' lang='lat' dir='ltr'>Clementis</span> <span class='ocrx_word' id='word_1_76' title='bbox 708 1409 839 1491; x_wconf 86' lang='lat' dir='ltr'>(literas)</span> <span class='ocrx_word' id='word_1_77' title='bbox 863 1409 930 1471; x_wconf 87' lang='lat' dir='ltr'>dari</span> <span class='ocrx_word' id='word_1_78' title='bbox 956 1409 1185 1470; x_wconf 88' lang='lat' dir='ltr'>commisimus.</span> 
     </span>
    </p>

    <p class='ocr_par' dir='ltr' id='par_1_2' title="bbox 242 1513 1503 2340">
     <span class='ocr_line' id='line_1_10' title="bbox 348 1513 1503 1598; baseline -0.001 -22"><span class='ocrx_word' id='word_1_79' title='bbox 348 1516 425 1577; x_wconf 91' lang='lat' dir='ltr'>ltem</span> <span class='ocrx_word' id='word_1_80' title='bbox 450 1535 578 1577; x_wconf 92' lang='lat' dir='ltr'>causam</span> <span class='ocrx_word' id='word_1_81' title='bbox 611 1516 691 1576; x_wconf 82' lang='lat' dir='ltr'>inter</span> <span class='ocrx_word' id='word_1_82' title='bbox 717 1515 914 1598; x_wconf 85' lang='lat' dir='ltr'>Stephanum</span> <span class='ocrx_word' id='word_1_83' title='bbox 940 1530 1081 1577; x_wconf 89' lang='lat' dir='ltr'>sutorem</span> <span class='ocrx_word' id='word_1_84' title='bbox 1107 1513 1234 1576; x_wconf 89' lang='lat' dir='ltr'>fratrem</span> <span class='ocrx_word' id='word_1_85' title='bbox 1264 1515 1349 1576; x_wconf 89' lang='lat' dir='ltr'>Luce</span> <span class='ocrx_word' id='word_1_86' title='bbox 1377 1515 1503 1592; x_wconf 89' lang='lat' dir='ltr'>sutoris,</span> 
     </span>
     <span class='ocr_line' id='line_1_11' title="bbox 244 1621 1501 1703; baseline 0 -21"><span class='ocrx_word' id='word_1_87' title='bbox 244 1623 425 1683; x_wconf 86' lang='lat' dir='ltr'>concivium</span> <span class='ocrx_word' id='word_1_88' title='bbox 451 1636 607 1698; x_wconf 90' lang='lat' dir='ltr'>nostrum,</span> <span class='ocrx_word' id='word_1_89' title='bbox 639 1636 668 1682; x_wconf 91' lang='lat' dir='ltr'>et</span> <span class='ocrx_word' id='word_1_90' title='bbox 692 1621 898 1683; x_wconf 85' lang='lat' dir='ltr'>Valentinum</span> <span class='ocrx_word' id='word_1_91' title='bbox 924 1621 963 1682; x_wconf 91' lang='lat' dir='ltr'>de</span> <span class='ocrx_word' id='word_1_92' title='bbox 991 1622 1156 1683; x_wconf 65' lang='lat' dir='ltr'>Kralen‘cz</span> <span class='ocrx_word' id='word_1_93' title='bbox 1180 1622 1385 1703; x_wconf 83' lang='lat' dir='ltr'>jobagioncm</span> <span class='ocrx_word' id='word_1_94' title='bbox 1410 1622 1501 1683; x_wconf 88' lang='lat' dir='ltr'>castri</span> 
     </span>
     <span class='ocr_line' id='line_1_12' title="bbox 244 1727 1503 1810; baseline 0 -20"><span class='ocrx_word' id='word_1_95' title='bbox 244 1729 380 1807; x_wconf 70' lang='lat' dir='ltr'>Medae,</span> <span class='ocrx_word' id='word_1_96' title='bbox 396 1728 588 1790; x_wconf 90' lang='lat' dir='ltr'>Benedictus</span> <span class='ocrx_word' id='word_1_97' title='bbox 612 1727 707 1808; x_wconf 79' lang='lat' dir='ltr'>judex</span> <span class='ocrx_word' id='word_1_98' title='bbox 724 1728 763 1788; x_wconf 88' lang='lat' dir='ltr'>de</span> <span class='ocrx_word' id='word_1_99' title='bbox 789 1727 901 1789; x_wconf 92' lang='lat' dir='ltr'>eadem</span> <span class='ocrx_word' id='word_1_100' title='bbox 927 1728 1092 1789; x_wconf 87' lang='lat' dir='ltr'>Kralewcz</span> <span class='ocrx_word' id='word_1_101' title='bbox 1118 1743 1148 1789; x_wconf 89' lang='lat' dir='ltr'>et</span> <span class='ocrx_word' id='word_1_102' title='bbox 1166 1728 1360 1789; x_wconf 87' lang='lat' dir='ltr'>Laurencius</span> <span class='ocrx_word' id='word_1_103' title='bbox 1385 1728 1503 1810; x_wconf 91' lang='lat' dir='ltr'>Sporar</span> 
     </span>
     <span class='ocr_line' id='line_1_13' title="bbox 244 1835 1502 1918; baseline 0 -22"><span class='ocrx_word' id='word_1_104' title='bbox 244 1835 364 1914; x_wconf 86' lang='lat' dir='ltr'>juratus</span> <span class='ocrx_word' id='word_1_105' title='bbox 388 1849 418 1895; x_wconf 89' lang='lat' dir='ltr'>et</span> <span class='ocrx_word' id='word_1_106' title='bbox 442 1835 583 1896; x_wconf 90' lang='lat' dir='ltr'>concivis</span> <span class='ocrx_word' id='word_1_107' title='bbox 616 1849 722 1895; x_wconf 91' lang='lat' dir='ltr'>noster</span> <span class='ocrx_word' id='word_1_108' title='bbox 754 1848 941 1916; x_wconf 88' lang='lat' dir='ltr'>receperunt</span> <span class='ocrx_word' id='word_1_109' title='bbox 975 1835 1075 1915; x_wconf 83' lang='lat' dir='ltr'>ipsam</span> <span class='ocrx_word' id='word_1_110' title='bbox 1108 1853 1234 1895; x_wconf 88' lang='lat' dir='ltr'>causam</span> <span class='ocrx_word' id='word_1_111' title='bbox 1268 1835 1356 1916; x_wconf 93' lang='lat' dir='ltr'>quod</span> <span class='ocrx_word' id='word_1_112' title='bbox 1380 1835 1502 1918; x_wconf 85' lang='lat' dir='ltr'>possint</span> 
     </span>
     <span class='ocr_line' id='line_1_14' title="bbox 244 1939 1501 2022; baseline 0 -20"><span class='ocrx_word' id='word_1_113' title='bbox 244 1942 370 2002; x_wconf 88' lang='lat' dir='ltr'>casdem</span> <span class='ocrx_word' id='word_1_114' title='bbox 397 1958 501 2022; x_wconf 86' lang='lat' dir='ltr'>partes</span> <span class='ocrx_word' id='word_1_115' title='bbox 525 1941 721 2002; x_wconf 88' lang='lat' dir='ltr'>concordare</span> <span class='ocrx_word' id='word_1_116' title='bbox 747 1960 848 2021; x_wconf 89' lang='lat' dir='ltr'>usque</span> <span class='ocrx_word' id='word_1_117' title='bbox 874 1939 1011 2001; x_wconf 89' lang='lat' dir='ltr'>futuram</span> <span class='ocrx_word' id='word_1_118' title='bbox 1034 1939 1145 2001; x_wconf 92' lang='lat' dir='ltr'>feriam</span> <span class='ocrx_word' id='word_1_119' title='bbox 1173 1941 1315 2018; x_wconf 86' lang='lat' dir='ltr'>terciam,</span> <span class='ocrx_word' id='word_1_120' title='bbox 1339 1955 1370 2002; x_wconf 88' lang='lat' dir='ltr'>ct</span> <span class='ocrx_word' id='word_1_121' title='bbox 1386 1941 1411 2002; x_wconf 92' lang='lat' dir='ltr'>si</span> <span class='ocrx_word' id='word_1_122' title='bbox 1438 1961 1501 2002; x_wconf 92' lang='lat' dir='ltr'>non</span> 
     </span>
     <span class='ocr_line' id='line_1_15' title="bbox 242 2047 1502 2129; baseline 0.002 -22"><span class='ocrx_word' id='word_1_123' title='bbox 242 2061 391 2129; x_wconf 88' lang='lat' dir='ltr'>poterunt</span> <span class='ocrx_word' id='word_1_124' title='bbox 405 2048 534 2109; x_wconf 88' lang='lat' dir='ltr'>eosdem</span> <span class='ocrx_word' id='word_1_125' title='bbox 553 2047 759 2124; x_wconf 88' lang='lat' dir='ltr'>concordare,</span> <span class='ocrx_word' id='word_1_126' title='bbox 774 2061 888 2107; x_wconf 88' lang='lat' dir='ltr'>extunc</span> <span class='ocrx_word' id='word_1_127' title='bbox 902 2066 1085 2128; x_wconf 90' lang='lat' dir='ltr'>comparere</span> <span class='ocrx_word' id='word_1_128' title='bbox 1102 2060 1270 2108; x_wconf 89' lang='lat' dir='ltr'>tencantur</span> <span class='ocrx_word' id='word_1_129' title='bbox 1292 2047 1330 2108; x_wconf 89' lang='lat' dir='ltr'>ad</span> <span class='ocrx_word' id='word_1_130' title='bbox 1347 2047 1502 2125; x_wconf 88' lang='lat' dir='ltr'>judicium</span> 
     </span>
     <span class='ocr_line' id='line_1_16' title="bbox 244 2152 1502 2235; baseline -0.001 -21"><span class='ocrx_word' id='word_1_131' title='bbox 244 2174 349 2214; x_wconf 90' lang='lat' dir='ltr'>coram</span> <span class='ocrx_word' id='word_1_132' title='bbox 369 2154 462 2214; x_wconf 91' lang='lat' dir='ltr'>nobis</span> <span class='ocrx_word' id='word_1_133' title='bbox 480 2168 510 2215; x_wconf 91' lang='lat' dir='ltr'>et</span> <span class='ocrx_word' id='word_1_134' title='bbox 535 2154 638 2234; x_wconf 89' lang='lat' dir='ltr'>ipsum</span> <span class='ocrx_word' id='word_1_135' title='bbox 656 2152 864 2213; x_wconf 89' lang='lat' dir='ltr'>Valentinum</span> <span class='ocrx_word' id='word_1_136' title='bbox 889 2167 1070 2234; x_wconf 89' lang='lat' dir='ltr'>presentare</span> <span class='ocrx_word' id='word_1_137' title='bbox 1087 2152 1201 2214; x_wconf 86' lang='lat' dir='ltr'>debeat</span> <span class='ocrx_word' id='word_1_138' title='bbox 1227 2153 1292 2235; x_wconf 90' lang='lat' dir='ltr'>ipse</span> <span class='ocrx_word' id='word_1_139' title='bbox 1311 2153 1502 2215; x_wconf 90' lang='lat' dir='ltr'>Benedictus</span> 
     </span>
     <span class='ocr_line' id='line_1_17' title="bbox 243 2257 1112 2340; baseline 0.002 -20"><span class='ocrx_word' id='word_1_140' title='bbox 243 2259 336 2338; x_wconf 86' lang='lat' dir='ltr'>judex</span> <span class='ocrx_word' id='word_1_141' title='bbox 362 2261 417 2340; x_wconf 86' lang='lat' dir='ltr'>qui</span> <span class='ocrx_word' id='word_1_142' title='bbox 443 2275 489 2321; x_wconf 89' lang='lat' dir='ltr'>est</span> <span class='ocrx_word' id='word_1_143' title='bbox 514 2257 681 2320; x_wconf 87' lang='lat' dir='ltr'>fideiussor</span> <span class='ocrx_word' id='word_1_144' title='bbox 705 2278 763 2339; x_wconf 90' lang='lat' dir='ltr'>pro</span> <span class='ocrx_word' id='word_1_145' title='bbox 787 2259 901 2319; x_wconf 85' lang='lat' dir='ltr'>eodem</span> <span class='ocrx_word' id='word_1_146' title='bbox 931 2258 1112 2322; x_wconf 89' lang='lat' dir='ltr'>Valentino.</span> 
     </span>
    </p>

    <p class='ocr_par' dir='ltr' id='par_1_3' title="bbox 241 2365 1501 2873">
     <span class='ocr_line' id='line_1_18' title="bbox 349 2365 1501 2446; baseline -0.001 -19"><span class='ocrx_word' id='word_1_147' title='bbox 349 2367 424 2427; x_wconf 91' lang='lat' dir='ltr'>ltem</span> <span class='ocrx_word' id='word_1_148' title='bbox 451 2385 579 2427; x_wconf 89' lang='lat' dir='ltr'>causam</span> <span class='ocrx_word' id='word_1_149' title='bbox 605 2366 685 2426; x_wconf 86' lang='lat' dir='ltr'>inter</span> <span class='ocrx_word' id='word_1_150' title='bbox 711 2365 883 2426; x_wconf 85' lang='lat' dir='ltr'>Martinam</span> <span class='ocrx_word' id='word_1_151' title='bbox 909 2365 1047 2437; x_wconf 88' lang='lat' dir='ltr'>iudicem</span> <span class='ocrx_word' id='word_1_152' title='bbox 1082 2382 1112 2427; x_wconf 90' lang='lat' dir='ltr'>ct</span> <span class='ocrx_word' id='word_1_153' title='bbox 1137 2367 1217 2427; x_wconf 88' lang='lat' dir='ltr'>inter</span> <span class='ocrx_word' id='word_1_154' title='bbox 1250 2366 1384 2426; x_wconf 86' lang='lat' dir='ltr'>Paulum</span> <span class='ocrx_word' id='word_1_155' title='bbox 1410 2367 1501 2446; x_wconf 84' lang='lat' dir='ltr'>laga·</span> 
     </span>
     <span class='ocr_line' id='line_1_19' title="bbox 242 2470 1501 2554; baseline 0.001 -22"><span class='ocrx_word' id='word_1_156' title='bbox 242 2472 348 2554; x_wconf 74' lang='lat' dir='ltr'>thych,</span> <span class='ocrx_word' id='word_1_157' title='bbox 374 2472 510 2534; x_wconf 87' lang='lat' dir='ltr'>Michael</span> <span class='ocrx_word' id='word_1_158' title='bbox 537 2470 678 2553; x_wconf 81' lang='lat' dir='ltr'>pellifex,</span> <span class='ocrx_word' id='word_1_159' title='bbox 714 2471 839 2532; x_wconf 88' lang='lat' dir='ltr'>Marcus</span> <span class='ocrx_word' id='word_1_160' title='bbox 870 2471 1020 2549; x_wconf 79' lang='lat' dir='ltr'>carnifex,</span> <span class='ocrx_word' id='word_1_161' title='bbox 1046 2473 1168 2534; x_wconf 85' lang='lat' dir='ltr'>Pethko</span> <span class='ocrx_word' id='word_1_162' title='bbox 1201 2470 1351 2550; x_wconf 83' lang='lat' dir='ltr'>carnifex,</span> <span class='ocrx_word' id='word_1_163' title='bbox 1376 2472 1501 2533; x_wconf 80' lang='lat' dir='ltr'>Achacz</span> 
     </span>
     <span class='ocr_line' id='line_1_20' title="bbox 242 2578 1501 2660; baseline 0 -21"><span class='ocrx_word' id='word_1_164' title='bbox 242 2578 361 2655; x_wconf 86' lang='lat' dir='ltr'>juratus</span> <span class='ocrx_word' id='word_1_165' title='bbox 385 2579 424 2639; x_wconf 90' lang='lat' dir='ltr'>ad</span> <span class='ocrx_word' id='word_1_166' title='bbox 444 2579 649 2639; x_wconf 91' lang='lat' dir='ltr'>concordiam</span> <span class='ocrx_word' id='word_1_167' title='bbox 669 2591 858 2660; x_wconf 87' lang='lat' dir='ltr'>receperunt</span> <span class='ocrx_word' id='word_1_168' title='bbox 876 2596 976 2658; x_wconf 90' lang='lat' dir='ltr'>usque</span> <span class='ocrx_word' id='word_1_169' title='bbox 993 2579 1130 2660; x_wconf 92' lang='lat' dir='ltr'>primum</span> <span class='ocrx_word' id='word_1_170' title='bbox 1157 2579 1323 2660; x_wconf 77' lang='lat' dir='ltr'>judicium,</span> <span class='ocrx_word' id='word_1_171' title='bbox 1340 2593 1370 2639; x_wconf 85' lang='lat' dir='ltr'>et</span> <span class='ocrx_word' id='word_1_172' title='bbox 1393 2579 1417 2639; x_wconf 90' lang='lat' dir='ltr'>si</span> <span class='ocrx_word' id='word_1_173' title='bbox 1437 2598 1501 2639; x_wconf 93' lang='lat' dir='ltr'>non</span> 
     </span>
     <span class='ocr_line' id='line_1_21' title="bbox 242 2684 1500 2766; baseline 0 -22"><span class='ocrx_word' id='word_1_174' title='bbox 242 2698 390 2766; x_wconf 87' lang='lat' dir='ltr'>poterunt</span> <span class='ocrx_word' id='word_1_175' title='bbox 416 2704 471 2744; x_wconf 86' lang='lat' dir='ltr'>eos</span> <span class='ocrx_word' id='word_1_176' title='bbox 494 2685 701 2761; x_wconf 88' lang='lat' dir='ltr'>concordare,</span> <span class='ocrx_word' id='word_1_177' title='bbox 726 2698 840 2744; x_wconf 90' lang='lat' dir='ltr'>extunc</span> <span class='ocrx_word' id='word_1_178' title='bbox 857 2702 1043 2766; x_wconf 88' lang='lat' dir='ltr'>comparere</span> <span class='ocrx_word' id='word_1_179' title='bbox 1061 2686 1254 2747; x_wconf 86' lang='lat' dir='ltr'>tenebuntur</span> <span class='ocrx_word' id='word_1_180' title='bbox 1277 2686 1317 2746; x_wconf 92' lang='lat' dir='ltr'>ad</span> <span class='ocrx_word' id='word_1_181' title='bbox 1343 2684 1429 2746; x_wconf 92' lang='lat' dir='ltr'>idem</span> <span class='ocrx_word' id='word_1_182' title='bbox 1454 2684 1500 2765; x_wconf 78' lang='lat' dir='ltr'>ju-</span> 
     </span>
     <span class='ocr_line' id='line_1_22' title="bbox 241 2790 882 2873; baseline 0.003 -23"><span class='ocrx_word' id='word_1_183' title='bbox 241 2791 360 2851; x_wconf 92' lang='lat' dir='ltr'>dicium</span> <span class='ocrx_word' id='word_1_184' title='bbox 386 2805 417 2852; x_wconf 90' lang='lat' dir='ltr'>et</span> <span class='ocrx_word' id='word_1_185' title='bbox 440 2805 533 2852; x_wconf 87' lang='lat' dir='ltr'>testes</span> <span class='ocrx_word' id='word_1_186' title='bbox 558 2810 668 2851; x_wconf 90' lang='lat' dir='ltr'>corum</span> <span class='ocrx_word' id='word_1_187' title='bbox 693 2790 882 2873; x_wconf 89' lang='lat' dir='ltr'>producere.</span> 
     </span>
    </p>

    <p class='ocr_par' dir='ltr' id='par_1_4' title="bbox 240 2896 1502 3617">
     <span class='ocr_line' id='line_1_23' title="bbox 349 2896 1502 2979; baseline 0.003 -23"><span class='ocrx_word' id='word_1_188' title='bbox 349 2898 424 2958; x_wconf 90' lang='lat' dir='ltr'>ltcm</span> <span class='ocrx_word' id='word_1_189' title='bbox 452 2916 578 2957; x_wconf 90' lang='lat' dir='ltr'>causam</span> <span class='ocrx_word' id='word_1_190' title='bbox 605 2896 685 2958; x_wconf 86' lang='lat' dir='ltr'>inter</span> <span class='ocrx_word' id='word_1_191' title='bbox 710 2896 843 2979; x_wconf 75' lang='lat' dir='ltr'>Physter</span> <span class='ocrx_word' id='word_1_192' title='bbox 868 2897 1046 2957; x_wconf 88' lang='lat' dir='ltr'>institorem</span> <span class='ocrx_word' id='word_1_193' title='bbox 1071 2912 1101 2958; x_wconf 89' lang='lat' dir='ltr'>et</span> <span class='ocrx_word' id='word_1_194' title='bbox 1127 2898 1207 2958; x_wconf 90' lang='lat' dir='ltr'>inter</span> <span class='ocrx_word' id='word_1_195' title='bbox 1233 2897 1352 2958; x_wconf 87' lang='lat' dir='ltr'>Lucam</span> <span class='ocrx_word' id='word_1_196' title='bbox 1378 2912 1408 2959; x_wconf 89' lang='lat' dir='ltr'>et</span> <span class='ocrx_word' id='word_1_197' title='bbox 1433 2897 1502 2959; x_wconf 90' lang='lat' dir='ltr'>Ste-</span> 
     </span>
     <span class='ocr_line' id='line_1_24' title="bbox 242 3003 1500 3086; baseline 0 -22"><span class='ocrx_word' id='word_1_198' title='bbox 242 3005 383 3084; x_wconf 90' lang='lat' dir='ltr'>phanum</span> <span class='ocrx_word' id='word_1_199' title='bbox 407 3018 531 3064; x_wconf 87' lang='lat' dir='ltr'>sutores</span> <span class='ocrx_word' id='word_1_200' title='bbox 563 3004 689 3064; x_wconf 85' lang='lat' dir='ltr'>racione</span> <span class='ocrx_word' id='word_1_201' title='bbox 722 3004 936 3085; x_wconf 90' lang='lat' dir='ltr'>dampnorum</span> <span class='ocrx_word' id='word_1_202' title='bbox 970 3003 1000 3063; x_wconf 87' lang='lat' dir='ltr'>in</span> <span class='ocrx_word' id='word_1_203' title='bbox 1033 3003 1152 3084; x_wconf 88' lang='lat' dir='ltr'>(b)orto</span> <span class='ocrx_word' id='word_1_204' title='bbox 1183 3018 1214 3064; x_wconf 92' lang='lat' dir='ltr'>et</span> <span class='ocrx_word' id='word_1_205' title='bbox 1238 3005 1329 3064; x_wconf 89' lang='lat' dir='ltr'>vinea</span> <span class='ocrx_word' id='word_1_206' title='bbox 1354 3024 1410 3086; x_wconf 88' lang='lat' dir='ltr'>per</span> <span class='ocrx_word' id='word_1_207' title='bbox 1433 3005 1500 3064; x_wconf 91' lang='lat' dir='ltr'>ani-</span> 
     </span>
     <span class='ocr_line' id='line_1_25' title="bbox 243 3109 1501 3191; baseline 0.001 -21"><span class='ocrx_word' id='word_1_208' title='bbox 243 3111 338 3171; x_wconf 90' lang='lat' dir='ltr'>malia</span> <span class='ocrx_word' id='word_1_209' title='bbox 364 3111 553 3170; x_wconf 89' lang='lat' dir='ltr'>corumdem</span> <span class='ocrx_word' id='word_1_210' title='bbox 578 3109 683 3170; x_wconf 89' lang='lat' dir='ltr'>eidem</span> <span class='ocrx_word' id='word_1_211' title='bbox 709 3109 842 3191; x_wconf 87' lang='lat' dir='ltr'>Physter</span> <span class='ocrx_word' id='word_1_212' title='bbox 860 3109 1035 3187; x_wconf 91' lang='lat' dir='ltr'>illatorum,</span> <span class='ocrx_word' id='word_1_213' title='bbox 1059 3110 1151 3190; x_wconf 87' lang='lat' dir='ltr'>jurati</span> <span class='ocrx_word' id='word_1_214' title='bbox 1169 3110 1432 3188; x_wconf 87' lang='lat' dir='ltr'>adjudicaverunt</span> <span class='ocrx_word' id='word_1_215' title='bbox 1456 3126 1501 3171; x_wconf 90' lang='lat' dir='ltr'>ta·</span> 
     </span>
     <span class='ocr_line' id='line_1_26' title="bbox 244 3216 1501 3298; baseline 0 -21"><span class='ocrx_word' id='word_1_216' title='bbox 244 3218 324 3293; x_wconf 86' lang='lat' dir='ltr'>liter,</span> <span class='ocrx_word' id='word_1_217' title='bbox 342 3217 429 3297; x_wconf 89' lang='lat' dir='ltr'>quod</span> <span class='ocrx_word' id='word_1_218' title='bbox 448 3218 505 3297; x_wconf 92' lang='lat' dir='ltr'>ipsi</span> <span class='ocrx_word' id='word_1_219' title='bbox 532 3218 598 3298; x_wconf 90' lang='lat' dir='ltr'>ipsa</span> <span class='ocrx_word' id='word_1_220' title='bbox 617 3216 756 3298; x_wconf 90' lang='lat' dir='ltr'>dampna</span> <span class='ocrx_word' id='word_1_221' title='bbox 785 3236 847 3297; x_wconf 89' lang='lat' dir='ltr'>que</span> <span class='ocrx_word' id='word_1_222' title='bbox 865 3217 1110 3292; x_wconf 84' lang='lat' dir='ltr'>estimabantur,</span> <span class='ocrx_word' id='word_1_223' title='bbox 1127 3216 1232 3277; x_wconf 87' lang='lat' dir='ltr'>cidem</span> <span class='ocrx_word' id='word_1_224' title='bbox 1251 3216 1383 3298; x_wconf 81' lang='lat' dir='ltr'>Physter</span> <span class='ocrx_word' id='word_1_225' title='bbox 1401 3237 1501 3298; x_wconf 85' lang='lat' dir='ltr'>usque</span> 
     </span>
     <span class='ocr_line' id='line_1_27' title="bbox 242 3322 1502 3405; baseline 0 -22"><span class='ocrx_word' id='word_1_226' title='bbox 242 3325 383 3384; x_wconf 90' lang='lat' dir='ltr'>triduum</span> <span class='ocrx_word' id='word_1_227' title='bbox 408 3323 531 3383; x_wconf 85' lang='lat' dir='ltr'>solvere</span> <span class='ocrx_word' id='word_1_228' title='bbox 557 3337 705 3383; x_wconf 85' lang='lat' dir='ltr'>tenentur</span> <span class='ocrx_word' id='word_1_229' title='bbox 729 3337 758 3384; x_wconf 87' lang='lat' dir='ltr'>et</span> <span class='ocrx_word' id='word_1_230' title='bbox 783 3323 886 3403; x_wconf 90' lang='lat' dir='ltr'>sepire</span> <span class='ocrx_word' id='word_1_231' title='bbox 917 3343 990 3383; x_wconf 90' lang='lat' dir='ltr'>cum</span> <span class='ocrx_word' id='word_1_232' title='bbox 1015 3324 1144 3404; x_wconf 89' lang='lat' dir='ltr'>sepibus</span> <span class='ocrx_word' id='word_1_233' title='bbox 1169 3343 1225 3404; x_wconf 87' lang='lat' dir='ltr'>per</span> <span class='ocrx_word' id='word_1_234' title='bbox 1249 3322 1336 3404; x_wconf 90' lang='lat' dir='ltr'>quod</span> <span class='ocrx_word' id='word_1_235' title='bbox 1362 3323 1502 3405; x_wconf 90' lang='lat' dir='ltr'>dampna</span> 
     </span>
     <span class='ocr_line' id='line_1_28' title="bbox 243 3428 1500 3511; baseline 0 -21"><span class='ocrx_word' id='word_1_236' title='bbox 243 3430 435 3505; x_wconf 86' lang='lat' dir='ltr'>inferuntur,</span> <span class='ocrx_word' id='word_1_237' title='bbox 461 3449 560 3510; x_wconf 88' lang='lat' dir='ltr'>usque</span> <span class='ocrx_word' id='word_1_238' title='bbox 586 3430 706 3490; x_wconf 90' lang='lat' dir='ltr'>dictum</span> <span class='ocrx_word' id='word_1_239' title='bbox 731 3428 827 3491; x_wconf 88' lang='lat' dir='ltr'>diem.</span> <span class='ocrx_word' id='word_1_240' title='bbox 852 3430 928 3490; x_wconf 90' lang='lat' dir='ltr'>ltem</span> <span class='ocrx_word' id='word_1_241' title='bbox 948 3444 1161 3510; x_wconf 83' lang='lat' dir='ltr'>prorogarunt</span> <span class='ocrx_word' id='word_1_242' title='bbox 1183 3430 1400 3510; x_wconf 89' lang='lat' dir='ltr'>suspicionem</span> <span class='ocrx_word' id='word_1_243' title='bbox 1424 3449 1500 3511; x_wconf 92' lang='lat' dir='ltr'>pan·</span> 
     </span>
     <span class='ocr_line' id='line_1_29' title="bbox 240 3536 1500 3617; baseline 0.002 -21"><span class='ocrx_word' id='word_1_244' title='bbox 240 3557 354 3596; x_wconf 89' lang='lat' dir='ltr'>norum</span> <span class='ocrx_word' id='word_1_245' title='bbox 380 3552 409 3596; x_wconf 85' lang='lat' dir='ltr'>et</span> <span class='ocrx_word' id='word_1_246' title='bbox 434 3537 515 3616; x_wconf 90' lang='lat' dir='ltr'>tepis</span> <span class='ocrx_word' id='word_1_247' title='bbox 540 3537 628 3596; x_wconf 87' lang='lat' dir='ltr'>rubei</span> <span class='ocrx_word' id='word_1_248' title='bbox 654 3536 692 3596; x_wconf 91' lang='lat' dir='ltr'>ad</span> <span class='ocrx_word' id='word_1_249' title='bbox 719 3536 858 3616; x_wconf 89' lang='lat' dir='ltr'>primum</span> <span class='ocrx_word' id='word_1_250' title='bbox 884 3536 1037 3613; x_wconf 88' lang='lat' dir='ltr'>judicium</span> <span class='ocrx_word' id='word_1_251' title='bbox 1071 3536 1095 3596; x_wconf 92' lang='lat' dir='ltr'>si</span> <span class='ocrx_word' id='word_1_252' title='bbox 1121 3536 1316 3598; x_wconf 90' lang='lat' dir='ltr'>concordare</span> <span class='ocrx_word' id='word_1_253' title='bbox 1340 3551 1500 3617; x_wconf 87' lang='lat' dir='ltr'>poterunt.</span> 
     </span>
    </p>

    <p class='ocr_par' dir='ltr' id='par_1_5' title="bbox 240 3643 1501 4665">
     <span class='ocr_line' id='line_1_30' title="bbox 347 3643 1501 3724; baseline 0.003 -23"><span class='ocrx_word' id='word_1_254' title='bbox 347 3643 422 3701; x_wconf 90' lang='lat' dir='ltr'>ltem</span> <span class='ocrx_word' id='word_1_255' title='bbox 449 3663 576 3703; x_wconf 84' lang='lat' dir='ltr'>causam</span> <span class='ocrx_word' id='word_1_256' title='bbox 610 3643 690 3703; x_wconf 89' lang='lat' dir='ltr'>inter</span> <span class='ocrx_word' id='word_1_257' title='bbox 722 3643 876 3703; x_wconf 90' lang='lat' dir='ltr'>Jacobum</span> <span class='ocrx_word' id='word_1_258' title='bbox 904 3643 1060 3722; x_wconf 81' lang='lat' dir='ltr'>Kontigar</span> <span class='ocrx_word' id='word_1_259' title='bbox 1085 3658 1114 3702; x_wconf 86' lang='lat' dir='ltr'>et</span> <span class='ocrx_word' id='word_1_260' title='bbox 1148 3644 1228 3703; x_wconf 91' lang='lat' dir='ltr'>inter</span> <span class='ocrx_word' id='word_1_261' title='bbox 1253 3645 1422 3705; x_wconf 87' lang='lat' dir='ltr'>Nicolaum</span> <span class='ocrx_word' id='word_1_262' title='bbox 1446 3665 1501 3724; x_wconf 84' lang='lat' dir='ltr'>ge·</span> 
     </span>
     <span class='ocr_line' id='line_1_31' title="bbox 240 3746 1500 3831; baseline 0.001 -23"><span class='ocrx_word' id='word_1_263' title='bbox 240 3769 351 3809; x_wconf 85' lang='lat' dir='ltr'>nerum</span> <span class='ocrx_word' id='word_1_264' title='bbox 388 3749 609 3829; x_wconf 73' lang='lat' dir='ltr'>l·&#39;ercncbcyclr</span> <span class='ocrx_word' id='word_1_265' title='bbox 643 3746 734 3824; x_wconf 90' lang='lat' dir='ltr'>fabri,</span> <span class='ocrx_word' id='word_1_266' title='bbox 768 3749 895 3808; x_wconf 85' lang='lat' dir='ltr'>racione</span> <span class='ocrx_word' id='word_1_267' title='bbox 928 3749 1015 3827; x_wconf 89' lang='lat' dir='ltr'>quod</span> <span class='ocrx_word' id='word_1_268' title='bbox 1049 3750 1114 3829; x_wconf 89' lang='lat' dir='ltr'>ipse</span> <span class='ocrx_word' id='word_1_269' title='bbox 1150 3749 1304 3829; x_wconf 81' lang='lat' dir='ltr'>Kontigar</span> <span class='ocrx_word' id='word_1_270' title='bbox 1328 3751 1500 3831; x_wconf 90' lang='lat' dir='ltr'>appellavit</span> 
     </span>
     <span class='ocr_line' id='line_1_32' title="bbox 242 3853 1501 3937; baseline 0 -22"><span class='ocrx_word' id='word_1_271' title='bbox 242 3857 379 3916; x_wconf 86' lang='lat' dir='ltr'>eundem</span> <span class='ocrx_word' id='word_1_272' title='bbox 407 3856 576 3915; x_wconf 73' lang='lat' dir='ltr'>Nicolaum</span> <span class='ocrx_word' id='word_1_273' title='bbox 602 3871 632 3915; x_wconf 89' lang='lat' dir='ltr'>et</span> <span class='ocrx_word' id='word_1_274' title='bbox 656 3875 745 3914; x_wconf 90' lang='lat' dir='ltr'>suam</span> <span class='ocrx_word' id='word_1_275' title='bbox 781 3874 911 3915; x_wconf 83' lang='lat' dir='ltr'>uxorem</span> <span class='ocrx_word' id='word_1_276' title='bbox 945 3853 1075 3933; x_wconf 86' lang='lat' dir='ltr'>furtum,</span> <span class='ocrx_word' id='word_1_277' title='bbox 1100 3855 1188 3936; x_wconf 90' lang='lat' dir='ltr'>quod</span> <span class='ocrx_word' id='word_1_278' title='bbox 1218 3874 1281 3915; x_wconf 91' lang='lat' dir='ltr'>non</span> <span class='ocrx_word' id='word_1_279' title='bbox 1308 3857 1410 3937; x_wconf 90' lang='lat' dir='ltr'>potuit</span> <span class='ocrx_word' id='word_1_280' title='bbox 1436 3857 1501 3935; x_wconf 88' lang='lat' dir='ltr'>ipse</span> 
     </span>
     <span class='ocr_line' id='line_1_33' title="bbox 240 3960 1500 4042; baseline 0.002 -23"><span class='ocrx_word' id='word_1_281' title='bbox 240 3963 377 4021; x_wconf 83' lang='lat' dir='ltr'>lacobus</span> <span class='ocrx_word' id='word_1_282' title='bbox 397 3963 498 4042; x_wconf 89' lang='lat' dir='ltr'>ipsum</span> <span class='ocrx_word' id='word_1_283' title='bbox 520 3962 636 4020; x_wconf 87' lang='lat' dir='ltr'>furtum</span> <span class='ocrx_word' id='word_1_284' title='bbox 662 3981 757 4041; x_wconf 88' lang='lat' dir='ltr'>super</span> <span class='ocrx_word' id='word_1_285' title='bbox 776 3962 878 4042; x_wconf 91' lang='lat' dir='ltr'>ipsum</span> <span class='ocrx_word' id='word_1_286' title='bbox 898 3961 1065 4021; x_wconf 90' lang='lat' dir='ltr'>Nicolaum</span> <span class='ocrx_word' id='word_1_287' title='bbox 1092 3960 1210 4021; x_wconf 89' lang='lat' dir='ltr'>furtum</span> <span class='ocrx_word' id='word_1_288' title='bbox 1229 3962 1332 4042; x_wconf 87' lang='lat' dir='ltr'>ipsum</span> <span class='ocrx_word' id='word_1_289' title='bbox 1351 3980 1500 4042; x_wconf 88' lang='lat' dir='ltr'>compro-</span> 
     </span>
     <span class='ocr_line' id='line_1_34' title="bbox 240 4067 1499 4150; baseline 0.001 -23"><span class='ocrx_word' id='word_1_290' title='bbox 240 4071 324 4144; x_wconf 88' lang='lat' dir='ltr'>bare,</span> <span class='ocrx_word' id='word_1_291' title='bbox 338 4084 382 4128; x_wconf 89' lang='lat' dir='ltr'>cst</span> <span class='ocrx_word' id='word_1_292' title='bbox 394 4071 558 4128; x_wconf 86' lang='lat' dir='ltr'>convictus</span> <span class='ocrx_word' id='word_1_293' title='bbox 575 4082 684 4128; x_wconf 88' lang='lat' dir='ltr'>contra</span> <span class='ocrx_word' id='word_1_294' title='bbox 700 4069 802 4148; x_wconf 90' lang='lat' dir='ltr'>ipsum</span> <span class='ocrx_word' id='word_1_295' title='bbox 822 4068 990 4128; x_wconf 88' lang='lat' dir='ltr'>Nicolaum</span> <span class='ocrx_word' id='word_1_296' title='bbox 1010 4069 1039 4128; x_wconf 89' lang='lat' dir='ltr'>in</span> <span class='ocrx_word' id='word_1_297' title='bbox 1059 4068 1132 4127; x_wconf 78' lang='lat' dir='ltr'>vito</span> <span class='ocrx_word' id='word_1_298' title='bbox 1150 4067 1425 4150; x_wconf 82' lang='lat' dir='ltr'>homagio;super</span> <span class='ocrx_word' id='word_1_299' title='bbox 1443 4069 1499 4129; x_wconf 91' lang='lat' dir='ltr'>illo</span> 
     </span>
     <span class='ocr_line' id='line_1_35' title="bbox 240 4174 1499 4258; baseline 0.002 -24"><span class='ocrx_word' id='word_1_300' title='bbox 240 4191 345 4234; x_wconf 89' lang='lat' dir='ltr'>autem</span> <span class='ocrx_word' id='word_1_301' title='bbox 380 4176 466 4254; x_wconf 89' lang='lat' dir='ltr'>quod</span> <span class='ocrx_word' id='word_1_302' title='bbox 502 4176 566 4255; x_wconf 85' lang='lat' dir='ltr'>ipse</span> <span class='ocrx_word' id='word_1_303' title='bbox 591 4175 737 4258; x_wconf 59' lang='lat' dir='ltr'>,lacobus</span> <span class='ocrx_word' id='word_1_304' title='bbox 771 4174 927 4234; x_wconf 78' lang='lat' dir='ltr'>violenter</span> <span class='ocrx_word' id='word_1_305' title='bbox 950 4176 1068 4256; x_wconf 86' lang='lat' dir='ltr'>recepit</span> <span class='ocrx_word' id='word_1_306' title='bbox 1101 4175 1272 4235; x_wconf 86' lang='lat' dir='ltr'>uxorisne</span> <span class='ocrx_word' id='word_1_307' title='bbox 1300 4176 1434 4235; x_wconf 88' lang='lat' dir='ltr'>securim</span> <span class='ocrx_word' id='word_1_308' title='bbox 1469 4191 1499 4236; x_wconf 91' lang='lat' dir='ltr'>et</span> 
     </span>
     <span class='ocr_line' id='line_1_36' title="bbox 240 4279 1497 4360; baseline 0.002 -21"><span class='ocrx_word' id='word_1_309' title='bbox 240 4280 379 4340; x_wconf 86' lang='lat' dir='ltr'>hostium</span> <span class='ocrx_word' id='word_1_310' title='bbox 412 4281 583 4340; x_wconf 88' lang='lat' dir='ltr'>domorum</span> <span class='ocrx_word' id='word_1_311' title='bbox 617 4279 759 4360; x_wconf 82' lang='lat' dir='ltr'>frangere</span> <span class='ocrx_word' id='word_1_312' title='bbox 793 4280 912 4356; x_wconf 78' lang='lat' dir='ltr'>voluit,</span> <span class='ocrx_word' id='word_1_313' title='bbox 943 4295 988 4340; x_wconf 83' lang='lat' dir='ltr'>est</span> <span class='ocrx_word' id='word_1_314' title='bbox 1020 4281 1186 4340; x_wconf 77' lang='lat' dir='ltr'>convictus</span> <span class='ocrx_word' id='word_1_315' title='bbox 1218 4296 1327 4341; x_wconf 90' lang='lat' dir='ltr'>contra</span> <span class='ocrx_word' id='word_1_316' title='bbox 1359 4281 1497 4342; x_wconf 87' lang='lat' dir='ltr'>eundem</span> 
     </span>
     <span class='ocr_line' id='line_1_37' title="bbox 241 4387 1499 4469; baseline 0.002 -22"><span class='ocrx_word' id='word_1_317' title='bbox 241 4387 408 4447; x_wconf 89' lang='lat' dir='ltr'>Nicolaum</span> <span class='ocrx_word' id='word_1_318' title='bbox 435 4389 465 4446; x_wconf 90' lang='lat' dir='ltr'>in</span> <span class='ocrx_word' id='word_1_319' title='bbox 499 4387 609 4447; x_wconf 84' lang='lat' dir='ltr'>decem</span> <span class='ocrx_word' id='word_1_320' title='bbox 643 4388 756 4447; x_wconf 90' lang='lat' dir='ltr'>marcis</span> <span class='ocrx_word' id='word_1_321' title='bbox 788 4387 1011 4461; x_wconf 88' lang='lat' dir='ltr'>denariorum;</span> <span class='ocrx_word' id='word_1_322' title='bbox 1041 4388 1080 4446; x_wconf 88' lang='lat' dir='ltr'>de</span> <span class='ocrx_word' id='word_1_323' title='bbox 1112 4407 1178 4466; x_wconf 85' lang='lat' dir='ltr'>quo</span> <span class='ocrx_word' id='word_1_324' title='bbox 1212 4387 1331 4465; x_wconf 87' lang='lat' dir='ltr'>judicio</span> <span class='ocrx_word' id='word_1_325' title='bbox 1357 4389 1499 4469; x_wconf 89' lang='lat' dir='ltr'>ipsorum</span> 
     </span>
     <span class='ocr_line' id='line_1_38' title="bbox 240 4493 1500 4576; baseline 0.002 -24"><span class='ocrx_word' id='word_1_326' title='bbox 240 4493 412 4566; x_wconf 82' lang='lat' dir='ltr'>juratorum</span> <span class='ocrx_word' id='word_1_327' title='bbox 429 4494 495 4573; x_wconf 89' lang='lat' dir='ltr'>ipse</span> <span class='ocrx_word' id='word_1_328' title='bbox 514 4493 650 4554; x_wconf 86' lang='lat' dir='ltr'>lacobus</span> <span class='ocrx_word' id='word_1_329' title='bbox 663 4512 728 4553; x_wconf 94' lang='lat' dir='ltr'>non</span> <span class='ocrx_word' id='word_1_330' title='bbox 746 4508 915 4554; x_wconf 87' lang='lat' dir='ltr'>contentus</span> <span class='ocrx_word' id='word_1_331' title='bbox 931 4493 970 4553; x_wconf 90' lang='lat' dir='ltr'>ad</span> <span class='ocrx_word' id='word_1_332' title='bbox 988 4494 1151 4554; x_wconf 87' lang='lat' dir='ltr'>seniorum</span> <span class='ocrx_word' id='word_1_333' title='bbox 1170 4493 1313 4569; x_wconf 88' lang='lat' dir='ltr'>judicum</span> <span class='ocrx_word' id='word_1_334' title='bbox 1327 4495 1500 4576; x_wconf 82' lang='lat' dir='ltr'>appellavit</span> 
     </span>
     <span class='ocr_line' id='line_1_39' title="bbox 241 4598 406 4665; baseline 0.006 -8"><span class='ocrx_word' id='word_1_335' title='bbox 241 4598 406 4665; x_wconf 84' lang='lat' dir='ltr'>iudicium.</span> 
     </span>
    </p>

    <p class='ocr_par' dir='ltr' id='par_1_6' title="bbox 236 4704 1499 4894">
     <span class='ocr_line' id='line_1_40' title="bbox 345 4704 1499 4786; baseline 0.004 -23"><span class='ocrx_word' id='word_1_336' title='bbox 345 4704 420 4764; x_wconf 87' lang='lat' dir='ltr'>ltem</span> <span class='ocrx_word' id='word_1_337' title='bbox 446 4725 576 4764; x_wconf 86' lang='lat' dir='ltr'>consors</span> <span class='ocrx_word' id='word_1_338' title='bbox 610 4705 690 4764; x_wconf 83' lang='lat' dir='ltr'>l‘etri</span> <span class='ocrx_word' id='word_1_339' title='bbox 717 4705 880 4786; x_wconf 70' lang='lat' dir='ltr'>Sydarych</span> <span class='ocrx_word' id='word_1_340' title='bbox 915 4706 1018 4786; x_wconf 90' lang='lat' dir='ltr'>primo</span> <span class='ocrx_word' id='word_1_341' title='bbox 1049 4707 1143 4766; x_wconf 87' lang='lat' dir='ltr'>citata</span> <span class='ocrx_word' id='word_1_342' title='bbox 1176 4723 1284 4768; x_wconf 88' lang='lat' dir='ltr'>contra</span> <span class='ocrx_word' id='word_1_343' title='bbox 1311 4705 1499 4768; x_wconf 83' lang='lat' dir='ltr'>&#39;l&#39;homasko</span> 
     </span>
     <span class='ocr_line' id='line_1_41' title="bbox 236 4811 1137 4894; baseline 0.003 -23"><span class='ocrx_word' id='word_1_344' title='bbox 236 4826 389 4872; x_wconf 86' lang='lat' dir='ltr'>sartorem</span> <span class='ocrx_word' id='word_1_345' title='bbox 414 4830 479 4872; x_wconf 92' lang='lat' dir='ltr'>non</span> <span class='ocrx_word' id='word_1_346' title='bbox 504 4811 683 4894; x_wconf 89' lang='lat' dir='ltr'>comparuit</span> <span class='ocrx_word' id='word_1_347' title='bbox 707 4812 738 4871; x_wconf 92' lang='lat' dir='ltr'>in</span> <span class='ocrx_word' id='word_1_348' title='bbox 762 4811 882 4891; x_wconf 78' lang='lat' dir='ltr'>judicio</span> <span class='ocrx_word' id='word_1_349' title='bbox 903 4830 1009 4873; x_wconf 89' lang='lat' dir='ltr'>coram</span> <span class='ocrx_word' id='word_1_350' title='bbox 1036 4813 1137 4875; x_wconf 88' lang='lat' dir='ltr'>nobis.</span> 
     </span>
    </p>
   </div>
   <div class='ocr_carea' id='block_1_2' title="bbox 0 0 1748 5272">
    <p class='ocr_par' dir='ltr' id='par_1_7' title="bbox 0 0 1748 5272">
     <span class='ocr_line' id='line_1_42' title="bbox 0 0 1748 5272; baseline 0 0"><span class='ocrx_word' id='word_1_351' title='bbox 0 0 1748 5272; x_wconf 95' lang='lat' dir='ltr'> </span> 
     </span>
    </p>
   </div>
  </div>
 </body>
</html>
