3488 5272
238 323 281 383 80
597 324 684 382 Anno
706 336 797 403 1454.
823 359 864 368 -
897 336 943 401 15.
967 323 1140 386 novembris.

238 554 343 615 neque
368 535 427 596 sibi
453 534 577 616 aliquid
593 549 731 615 tenetur,
755 550 787 598 et
802 555 898 618 super
913 535 975 598 boc
992 549 1106 597 octavo
1123 535 1175 598 die
1199 554 1294 617 super
1317 552 1405 595 aram
1422 531 1501 594 soli·

238 641 336 703 tarius
358 642 520 704 tenebitur
544 640 656 722 jurare.

345 747 422 809 ltetu
447 747 533 809 idem
566 747 728 809 lohannes
751 746 845 828 judex
878 747 981 829 jurare
1013 747 1174 810 tenebitur
1204 765 1299 829 super
1323 765 1363 808 eo
1387 758 1502 806 octavo

238 853 290 915 die
323 867 432 915 contra
466 854 639 915 Matrinum
672 867 887 936 prenotatum,
919 868 954 917 ut
981 873 1080 936 penes
1112 853 1219 916 literas
1249 853 1349 935 ipsius
1372 849 1502 913 Martini

238 959 324 1042 apud
347 961 453 1043 ipsum
471 961 650 1023 iohannem
668 960 807 1042 judicem
833 961 865 1023 in
890 962 1025 1044 pignore
1042 960 1176 1040 habitas,
1201 974 1235 1021 ut
1251 960 1319 1042 ipse
1344 957 1502 1020 Martinus

238 1067 297 1149 ipsi
323 1066 461 1129 iohanni
487 1066 583 1149 judici
611 1069 695 1150 ipsas
719 1067 826 1128 literas
858 1086 917 1150 pro
941 1067 1038 1128 tantis
1070 1065 1298 1149 inpignoravit,
1322 1078 1354 1126 et
1376 1076 1501 1126 tantum

238 1192 334 1254 super
347 1192 414 1254 quo
438 1174 598 1254 juraverit,
623 1173 682 1234 sibi
708 1186 851 1250 tenetur3
877 1172 916 1234 de
940 1173 1058 1254 quibus
1081 1172 1209 1254 judiciis
1232 1184 1264 1233 et
1286 1169 1502 1251 adjudicacio·

238 1279 333 1341 nibus
356 1280 499 1362 ipsorum
519 1280 696 1361 juratorum
722 1280 789 1361 ipse
814 1280 970 1342 Martinus
987 1293 1088 1341 sartor
1112 1298 1176 1340 nou
1202 1291 1370 1340 contentus
1394 1274 1503 1358 appel·

238 1387 315 1448 lavit
339 1386 468 1448 easdem
492 1406 602 1448 causas
625 1385 666 1447 ad
689 1387 831 1448 seniores
855 1385 976 1466 judices
999 1404 1056 1468 per
1080 1386 1166 1468 ipsos
1193 1382 1433 1465 adjudicandus.

346 1491 424 1555 Item
443 1493 517 1573 quia
536 1493 720 1555 Anthonius
736 1492 857 1574 juratus
874 1492 1058 1571 modernus,
1083 1491 1167 1553 filius
1184 1491 1326 1569 Thome,
1343 1489 1375 1552 id
1393 1506 1500 1550 coram

238 1598 332 1661 nobis
355 1597 551 1660 sufficienter
575 1599 797 1681 comprobavit
814 1598 921 1676 hodie,
946 1611 979 1660 ut
1003 1597 1080 1659 dum
1099 1597 1231 1658 domina
1257 1594 1430 1657 Katherina
1454 1611 1502 1654 re·

239 1705 311 1766 licta
336 1705 475 1773 condam
508 1704 705 1785 sigismundi
738 1704 831 1786 jurati
856 1718 887 1765 et
916 1703 1045 1785 Mathye
1077 1703 1195 1764 Farkas
1226 1700 1373 1763 similiter
1405 1697 1500 1780 jurati

239 1811 270 1871 in
300 1810 450 1872 extremis
475 1811 538 1871 vite
563 1830 618 1871 sue
643 1810 828 1891 temporalis
853 1809 1036 1886 laborasset,
1060 1823 1136 1871 tunc
1160 1809 1227 1889 ipsa
1251 1826 1363 1869 omnes
1379 1824 1503 1889 posses·

238 1916 344 1976 siones
368 1935 450 1993 suas,
478 1935 558 1996 quas
594 1914 699 1977 adhuc
724 1935 788 1976 non
815 1915 1020 1992 vendidisset,
1043 1916 1175 1976 domine
1200 1914 1313 1976 Vrsule
1338 1911 1402 1973 filie
1427 1930 1503 1972 con·

239 2022 313 2082 dam
339 2022 457 2083 Vrbani
488 2021 581 2102 jurati
618 2041 702 2082 nuuc
737 2022 826 2082 uxori
860 2021 1015 2102 legittime
1047 2020 1189 2081 eiusdem
1223 2019 1378 2081 Anthonii
1409 2017 1503 2099 jurati

240 2127 376 2207 legasset
391 2140 547 2209 perpetuo
565 2125 784 2208 possidendas,
802 2125 939 2207 ideoque
966 2145 1024 2187 nos
1045 2125 1173 2188 easdem
1197 2125 1413 2207 possessiones
1437 2141 1502 2183 non

239 2233 385 2294 venditas
417 2234 516 2315 ipsius
548 2233 679 2294 domine
712 2232 885 2293 Katherine
910 2233 1014 2292 eidem
1040 2233 1171 2293 domine
1196 2231 1309 2293 Vrsule
1333 2230 1503 2293 statuimus

240 2352 396 2420 perpetuo
414 2337 623 2420 possidendas
646 2353 676 2399 et
700 2337 1007 2419 quomodocumque
1033 2338 1171 2399 voluerit
1195 2336 1422 2420 disponendas.

347 2444 424 2505 ltem
448 2444 522 2505 licet
545 2443 668 2525 Symou
695 2443 828 2524 Georgii
851 2443 977 2505 ltalicus
1001 2444 1040 2504 de
1064 2444 1223 2520 veneciis,
1247 2443 1385 2504 termino
1410 2442 1502 2522 legit·

240 2549 317 2610 time
342 2549 507 2610 citacionis
530 2551 710 2627 observato,
743 2549 923 2610 iohannem
954 2551 1127 2630 Baptistam
1160 2549 1326 2610 concivem
1359 2561 1503 2609 nostrum

241 2654 339 2715 nostri
365 2655 397 2714 in
430 2655 626 2736 presenciam
660 2654 802 2715 citaverit
835 2668 866 2716 et
897 2668 1007 2715 contra
1029 2654 1132 2735 ipsum
1166 2654 1210 2715 sic
1235 2653 1447 2735 proposuerit,
1469 2666 1504 2714 ut

242 2761 308 2842 ipse
335 2760 497 2841 Mathyam
530 2760 638 2820 slavin
670 2761 760 2821 aliter
786 2760 916 2821 llathko
945 2775 1112 2835 vocatum,
1136 2759 1237 2821 filium
1263 2759 1347 2820 iwan
1372 2758 1411 2819 de
1437 2757 1502 2821 Ko-

241 2887 328 2943 rana,
352 2868 538 2927 servitorem
572 2867 671 2946 ipsius
696 2866 847 2947 Symonis
877 2866 917 2927 ad
950 2863 1121 2927 furandum
1154 2866 1332 2926 abeodem
1358 2865 1502 2947 Symone

242 2973 376 3033 domino
400 2991 458 3033 suo
484 2991 532 3031 res
556 2990 628 3032 suas
646 2971 858 3043 informasset,
884 2972 1014 3052 ipseque
1033 2971 1195 3033 lohannes
1212 2970 1350 3052 Baptista
1377 2971 1408 3030 in
1426 2990 1504 3032 con-

241 3078 373 3139 trarium
400 3078 498 3157 ipsius
516 3076 667 3157 Symonis
683 3096 790 3137 eoram
809 3078 902 3137 nobis
923 3077 1149 3156 respondisset,
1166 3077 1254 3156 quod
1280 3078 1345 3157 ipse
1364 3077 1504 3138 eundem

244 3183 450 3243 llatbkonem
477 3183 664 3243 servitorem
698 3183 798 3263 ipsius
826 3182 977 3263 Symonis
1001 3182 1040 3241 ad
1074 3181 1244 3243 iurandum
1269 3202 1318 3242 res
1341 3202 1414 3242 suas
1439 3201 1504 3243 non

243 3288 455 3361 informasset,
479 3302 585 3348 tumen
612 3289 686 3368 quia
705 3289 770 3367 ipse
798 3287 928 3346 llatbko
945 3288 1079 3347 servitor
1098 3288 1197 3368 ipsius
1221 3287 1372 3368 Symonis
1398 3288 1503 3368 ipsum

243 3395 422 3456 iohannem
456 3395 629 3473 Baptismus
663 3396 702 3453 ab
734 3395 798 3473 ipsu
832 3391 1062 3453 informatione
1095 3394 1221 3474 penitus
1245 3395 1444 3475 expurgavit,
1475 3408 1506 3455 et

246 3502 321 3581 quia
349 3501 415 3580 ipse
447 3499 608 3559 lohannes
641 3498 779 3578 lluptiste
813 3498 940 3577 insuper
972 3495 1185 3563 iuramentum
1217 3499 1276 3558 sibi
1309 3519 1365 3579 per
1389 3518 1448 3559 nos
1472 3501 1504 3560 in

244 3608 359 3668 eodem
385 3605 468 3666 facto
492 3624 586 3683 super
611 3622 649 3663 eo
674 3602 890 3671 adiudicatum
910 3602 1042 3683 prestitit
1065 3620 1096 3664 ut
1121 3604 1238 3683 ipsein
1264 3604 1346 3664 dicta
1372 3606 1503 3667 accione

246 3714 344 3795 ipsius
369 3712 520 3793 Syuttsnis
544 3710 659 3770 asturis
676 3710 715 3768 sit
733 3710 896 3777 innocens,
918 3707 991 3766 ideo
1009 3710 1111 3787 ipsum
1131 3709 1310 3770 iohannem
1329 3711 1503 3791 Baptistam

247 3820 278 3879 in
304 3818 387 3879 lacto
412 3817 566 3898 pretuisso
590 3814 729 3874 totaliter
754 3812 917 3872 reddimus
941 3814 1136 3891 expeditum.

397 4034 491 4107 lesia
520 4044 617 4104 sexta
647 4032 799 4119 praxum
829 4040 901 4115 pust
933 4028 1054 4097 festum
1084 4032 1193 4098 suncti
1224 4028 1356 4100 Briccii.

742 4194 805 4253 (¹5-
832 4178 1015 4233 aasentias).

355 4329 431 4391 lteni
458 4324 640 4387 Anthonius
663 4338 795 4399 urcttpst
828 4317 932 4375 dictus
958 4315 1058 4373 lsulu
1083 4334 1191 4377 <stitus
1216 4318 1384 4382 dominum
1410 4325 1505 4386 Nico-

249 4440 335 4501 laum
361 4434 569 4511 presbiterum
592 4428 764 4509 plebanum
784 4438 926 4481 neutrum
944 4420 1085 4477 secundo
1103 4424 1214 4482 citatus
1231 4443 1295 4483 non
1312 4432 1505 4508 commit·

355 4541 432 4603 ltem
451 4537 596 4599 'l'buntas
621 4532 740 4601 iuratus
757 4526 890 4587 straten
909 4538 1017 4583 rmum
1046 4524 1196 4585 l'ltmusm
1223 4528 1358 4590 iuratum
1383 4538 1505 4597 dictum

251 4650 360 4725 Haler,
391 4646 580 4711 institorem,
612 4640 643 4699 iu
668 4636 772 4717 primo
810 4630 928 4695 ttulisw
962 4646 1105 4703 ptumus
1136 4634 1313 4693 scum„
1345 4639 1506 4703 ,enegimr

250 4752 454 4839 respondere.
