<?xml version="1.0" encoding="UTF-8"?>
<!DOCTYPE html PUBLIC "-//W3C//DTD XHTML 1.0 Transitional//EN"
    "http://www.w3.org/TR/xhtml1/DTD/xhtml1-transitional.dtd">
<html xmlns="http://www.w3.org/1999/xhtml" xml:lang="en" lang="en">
 <head>
  <title>
</title>
<meta http-equiv="Content-Type" content="text/html;charset=utf-8" />
  <meta name='ocr-system' content='tesseract 3.04.00' />
  <meta name='ocr-capabilities' content='ocr_page ocr_carea ocr_par ocr_line ocrx_word'/>
</head>
<body>
  <div class='ocr_page' id='page_1' title='image "./monumentahistor07laszgoog_0107.png"; bbox 0 0 3488 5272; ppageno 0'>
   <div class='ocr_carea' id='block_1_1' title="bbox 237 304 1506 2518">
    <p class='ocr_par' dir='ltr' id='par_1_1' title="bbox 237 304 1505 1136">
     <span class='ocr_line' id='line_1_1' title="bbox 237 304 1209 395; baseline -0.001 -27"><span class='ocrx_word' id='word_1_1' title='bbox 237 308 278 384; x_wconf 82' lang='lat'>48</span> <span class='ocrx_word' id='word_1_2' title='bbox 613 309 813 385; x_wconf 75' lang='lat' dir='ltr'>Ann01453.</span> <span class='ocrx_word' id='word_1_3' title='bbox 837 340 881 352; x_wconf 91' lang='lat'>—</span> <span class='ocrx_word' id='word_1_4' title='bbox 904 320 953 366; x_wconf 86' lang='lat'>12.</span> <span class='ocrx_word' id='word_1_5' title='bbox 969 304 1124 383; x_wconf 71' lang='lat' dir='ltr'>jamesii.</span> <span class='ocrx_word' id='word_1_6' title='bbox 1203 384 1209 395; x_wconf 41' lang='grc' dir='ltr'>Ι</span> 
     </span>
     <span class='ocr_line' id='line_1_2' title="bbox 238 516 1503 603; baseline -0.001 -21"><span class='ocrx_word' id='word_1_7' title='bbox 238 520 378 583; x_wconf 90' lang='lat' dir='ltr'>nendam</span> <span class='ocrx_word' id='word_1_8' title='bbox 409 520 495 603; x_wconf 86' lang='lat' dir='ltr'>juxta</span> <span class='ocrx_word' id='word_1_9' title='bbox 529 519 753 581; x_wconf 88' lang='lat' dir='ltr'>condicionem</span> <span class='ocrx_word' id='word_1_10' title='bbox 788 518 925 581; x_wconf 87' lang='lat' dir='ltr'>civitatis</span> <span class='ocrx_word' id='word_1_11' title='bbox 955 532 1124 602; x_wconf 76' lang='lat' dir='ltr'>prenotate</span> <span class='ocrx_word' id='word_1_12' title='bbox 1148 518 1189 580; x_wconf 86' lang='lat' dir='ltr'>sb</span> <span class='ocrx_word' id='word_1_13' title='bbox 1221 516 1358 601; x_wconf 87' lang='lat' dir='ltr'>antiquo</span> <span class='ocrx_word' id='word_1_14' title='bbox 1388 536 1503 603; x_wconf 87' lang='lat' dir='ltr'>appro-</span> 
     </span>
     <span class='ocr_line' id='line_1_3' title="bbox 238 624 1505 709; baseline -0.002 -20"><span class='ocrx_word' id='word_1_15' title='bbox 238 629 356 707; x_wconf 88' lang='lat' dir='ltr'>batam,</span> <span class='ocrx_word' id='word_1_16' title='bbox 380 626 639 690; x_wconf 89' lang='lat' dir='ltr'>contradiccione</span> <span class='ocrx_word' id='word_1_17' title='bbox 664 627 765 708; x_wconf 90' lang='lat' dir='ltr'>ipsius</span> <span class='ocrx_word' id='word_1_18' title='bbox 791 626 923 708; x_wconf 87' lang='lat' dir='ltr'>Mathye</span> <span class='ocrx_word' id='word_1_19' title='bbox 946 624 1041 707; x_wconf 87' lang='lat' dir='ltr'>jurati</span> <span class='ocrx_word' id='word_1_20' title='bbox 1065 644 1130 689; x_wconf 91' lang='lat' dir='ltr'>non</span> <span class='ocrx_word' id='word_1_21' title='bbox 1152 626 1319 703; x_wconf 88' lang='lat' dir='ltr'>obstante;</span> <span class='ocrx_word' id='word_1_22' title='bbox 1342 624 1505 709; x_wconf 86' lang='lat' dir='ltr'>predictos</span> 
     </span>
     <span class='ocr_line' id='line_1_4' title="bbox 238 730 1505 815; baseline -0.002 -19"><span class='ocrx_word' id='word_1_23' title='bbox 238 750 344 796; x_wconf 89' lang='lat' dir='ltr'>autem</span> <span class='ocrx_word' id='word_1_24' title='bbox 369 735 514 796; x_wconf 88' lang='lat' dir='ltr'>residuos</span> <span class='ocrx_word' id='word_1_25' title='bbox 538 748 679 815; x_wconf 88' lang='lat' dir='ltr'>quatuor</span> <span class='ocrx_word' id='word_1_26' title='bbox 703 751 776 794; x_wconf 91' lang='lat' dir='ltr'>cum</span> <span class='ocrx_word' id='word_1_27' title='bbox 801 731 910 793; x_wconf 92' lang='lat' dir='ltr'>medio</span> <span class='ocrx_word' id='word_1_28' title='bbox 943 730 1083 795; x_wconf 90' lang='lat' dir='ltr'>florenos</span> <span class='ocrx_word' id='word_1_29' title='bbox 1105 744 1137 794; x_wconf 86' lang='lat' dir='ltr'>et</span> <span class='ocrx_word' id='word_1_30' title='bbox 1158 732 1219 793; x_wconf 84' lang='lat' dir='ltr'>xx</span> <span class='ocrx_word' id='word_1_31' title='bbox 1243 730 1395 795; x_wconf 87' lang='lat' dir='ltr'>denarios</span> <span class='ocrx_word' id='word_1_32' title='bbox 1416 748 1505 794; x_wconf 88' lang='lat' dir='ltr'>com·</span> 
     </span>
     <span class='ocr_line' id='line_1_5' title="bbox 237 836 1503 923; baseline -0.004 -20"><span class='ocrx_word' id='word_1_33' title='bbox 237 842 385 903; x_wconf 85' lang='lat' dir='ltr'><strong>misimus</strong></span> <span class='ocrx_word' id='word_1_34' title='bbox 409 840 559 923; x_wconf 81' lang='lat' dir='ltr'>predictis</span> <span class='ocrx_word' id='word_1_35' title='bbox 585 839 786 920; x_wconf 86' lang='lat' dir='ltr'>Margarethe</span> <span class='ocrx_word' id='word_1_36' title='bbox 811 838 919 899; x_wconf 91' lang='lat' dir='ltr'>relicte</span> <span class='ocrx_word' id='word_1_37' title='bbox 944 852 975 900; x_wconf 90' lang='lat' dir='ltr'>et</span> <span class='ocrx_word' id='word_1_38' title='bbox 1000 838 1148 901; x_wconf 89' lang='lat' dir='ltr'>Emerico</span> <span class='ocrx_word' id='word_1_39' title='bbox 1171 836 1240 900; x_wconf 89' lang='lat' dir='ltr'>filio</span> <span class='ocrx_word' id='word_1_40' title='bbox 1264 836 1341 901; x_wconf 90' lang='lat' dir='ltr'>dicti</span> <span class='ocrx_word' id='word_1_41' title='bbox 1365 836 1503 901; x_wconf 87' lang='lat' dir='ltr'>condam</span> 
     </span>
     <span class='ocr_line' id='line_1_6' title="bbox 237 942 1505 1030; baseline -0.002 -22"><span class='ocrx_word' id='word_1_42' title='bbox 237 948 328 1010; x_wconf 89' lang='lat' dir='ltr'>Pauli</span> <span class='ocrx_word' id='word_1_43' title='bbox 354 947 484 1030; x_wconf 88' lang='lat' dir='ltr'>Babych</span> <span class='ocrx_word' id='word_1_44' title='bbox 509 944 646 1028; x_wconf 84' lang='lat' dir='ltr'>prelato,</span> <span class='ocrx_word' id='word_1_45' title='bbox 674 946 804 1028; x_wconf 85' lang='lat' dir='ltr'>llathye</span> <span class='ocrx_word' id='word_1_46' title='bbox 829 946 931 1028; x_wconf 82' lang='lat' dir='ltr'>jurato</span> <span class='ocrx_word' id='word_1_47' title='bbox 949 964 1021 1007; x_wconf 90' lang='lat' dir='ltr'>cum</span> <span class='ocrx_word' id='word_1_48' title='bbox 1046 960 1152 1007; x_wconf 90' lang='lat' dir='ltr'>musto</span> <span class='ocrx_word' id='word_1_49' title='bbox 1175 942 1298 1029; x_wconf 83' lang='lat' dir='ltr'>prefate</span> <span class='ocrx_word' id='word_1_50' title='bbox 1322 944 1416 1007; x_wconf 87' lang='lat' dir='ltr'>vinee</span> <span class='ocrx_word' id='word_1_51' title='bbox 1438 944 1505 1007; x_wconf 92' lang='lat' dir='ltr'>suis</span> 
     </span>
     <span class='ocr_line' id='line_1_7' title="bbox 237 1052 979 1136; baseline -0.001 -20"><span class='ocrx_word' id='word_1_52' title='bbox 237 1055 438 1136; x_wconf 86' lang='lat' dir='ltr'>temporibus</span> <span class='ocrx_word' id='word_1_53' title='bbox 462 1053 715 1115; x_wconf 81' lang='lat' dir='ltr'>vindemialibus</span> <span class='ocrx_word' id='word_1_54' title='bbox 739 1052 979 1135; x_wconf 90' lang='lat' dir='ltr'>persolvendos.</span> 
     </span>
    </p>

    <p class='ocr_par' dir='ltr' id='par_1_2' title="bbox 237 1157 1506 2518">
     <span class='ocr_line' id='line_1_8' title="bbox 352 1157 1505 1242; baseline -0.003 -20"><span class='ocrx_word' id='word_1_55' title='bbox 352 1160 429 1223; x_wconf 93' lang='lat' dir='ltr'>ltem</span> <span class='ocrx_word' id='word_1_56' title='bbox 463 1160 556 1241; x_wconf 88' lang='lat' dir='ltr'>jurati</span> <span class='ocrx_word' id='word_1_57' title='bbox 594 1159 818 1242; x_wconf 87' lang='lat' dir='ltr'>adjudicarunt</span> <span class='ocrx_word' id='word_1_58' title='bbox 850 1159 945 1220; x_wconf 88' lang='lat' dir='ltr'>aliam</span> <span class='ocrx_word' id='word_1_59' title='bbox 978 1179 1104 1221; x_wconf 87' lang='lat' dir='ltr'>causam</span> <span class='ocrx_word' id='word_1_60' title='bbox 1138 1158 1169 1221; x_wconf 93' lang='lat' dir='ltr'>in</span> <span class='ocrx_word' id='word_1_61' title='bbox 1211 1157 1295 1222; x_wconf 85' lang='lat' dir='ltr'>lacto</span> <span class='ocrx_word' id='word_1_62' title='bbox 1328 1158 1505 1221; x_wconf 75' lang='lat' dir='ltr'>secationis</span> 
     </span>
     <span class='ocr_line' id='line_1_9' title="bbox 239 1264 1504 1349; baseline -0.002 -20"><span class='ocrx_word' id='word_1_63' title='bbox 239 1268 402 1349; x_wconf 83' lang='lat' dir='ltr'>lignorum</span> <span class='ocrx_word' id='word_1_64' title='bbox 428 1268 458 1327; x_wconf 92' lang='lat' dir='ltr'>in</span> <span class='ocrx_word' id='word_1_65' title='bbox 484 1267 561 1328; x_wconf 91' lang='lat' dir='ltr'>silva</span> <span class='ocrx_word' id='word_1_66' title='bbox 588 1287 643 1327; x_wconf 89' lang='lat' dir='ltr'>seu</span> <span class='ocrx_word' id='word_1_67' title='bbox 668 1266 807 1347; x_wconf 82' lang='lat' dir='ltr'>virgulto</span> <span class='ocrx_word' id='word_1_68' title='bbox 833 1267 975 1347; x_wconf 92' lang='lat' dir='ltr'>ipsorum</span> <span class='ocrx_word' id='word_1_69' title='bbox 1001 1266 1199 1347; x_wconf 80' lang='lat' dir='ltr'>Margaretlre</span> <span class='ocrx_word' id='word_1_70' title='bbox 1224 1279 1256 1327; x_wconf 94' lang='lat' dir='ltr'>et</span> <span class='ocrx_word' id='word_1_71' title='bbox 1279 1264 1419 1328; x_wconf 86' lang='lat' dir='ltr'>Emerici</span> <span class='ocrx_word' id='word_1_72' title='bbox 1443 1264 1504 1327; x_wconf 89' lang='lat' dir='ltr'>sub</span> 
     </span>
     <span class='ocr_line' id='line_1_10' title="bbox 239 1370 1504 1456; baseline -0.001 -22"><span class='ocrx_word' id='word_1_73' title='bbox 239 1376 331 1436; x_wconf 90' lang='lat' dir='ltr'>vinea</span> <span class='ocrx_word' id='word_1_74' title='bbox 356 1374 499 1456; x_wconf 89' lang='lat' dir='ltr'>ipsorum</span> <span class='ocrx_word' id='word_1_75' title='bbox 526 1373 679 1454; x_wconf 89' lang='lat' dir='ltr'>predicta,</span> <span class='ocrx_word' id='word_1_76' title='bbox 705 1373 786 1433; x_wconf 86' lang='lat' dir='ltr'>inter</span> <span class='ocrx_word' id='word_1_77' title='bbox 814 1391 869 1433; x_wconf 90' lang='lat' dir='ltr'>eos</span> <span class='ocrx_word' id='word_1_78' title='bbox 901 1386 931 1433; x_wconf 89' lang='lat' dir='ltr'>et</span> <span class='ocrx_word' id='word_1_79' title='bbox 957 1373 1041 1433; x_wconf 90' lang='lat' dir='ltr'>inter</span> <span class='ocrx_word' id='word_1_80' title='bbox 1063 1370 1226 1455; x_wconf 85' lang='lat' dir='ltr'>prelatum</span> <span class='ocrx_word' id='word_1_81' title='bbox 1258 1372 1424 1456; x_wconf 85' lang='lat' dir='ltr'>Mathyam</span> <span class='ocrx_word' id='word_1_82' title='bbox 1456 1370 1504 1453; x_wconf 83' lang='lat' dir='ltr'>ju·</span> 
     </span>
     <span class='ocr_line' id='line_1_11' title="bbox 237 1476 1504 1561; baseline -0.002 -19"><span class='ocrx_word' id='word_1_83' title='bbox 237 1494 340 1542; x_wconf 91' lang='lat' dir='ltr'>ratum</span> <span class='ocrx_word' id='word_1_84' title='bbox 366 1499 474 1541; x_wconf 88' lang='lat' dir='ltr'>coram</span> <span class='ocrx_word' id='word_1_85' title='bbox 500 1479 575 1561; x_wconf 91' lang='lat' dir='ltr'>ipsis</span> <span class='ocrx_word' id='word_1_86' title='bbox 599 1494 721 1540; x_wconf 89' lang='lat' dir='ltr'>motam</span> <span class='ocrx_word' id='word_1_87' title='bbox 747 1493 776 1540; x_wconf 91' lang='lat' dir='ltr'>et</span> <span class='ocrx_word' id='word_1_88' title='bbox 801 1479 955 1557; x_wconf 86' lang='lat' dir='ltr'>habitam,</span> <span class='ocrx_word' id='word_1_89' title='bbox 979 1479 1035 1540; x_wconf 91' lang='lat' dir='ltr'>tali</span> <span class='ocrx_word' id='word_1_90' title='bbox 1060 1478 1171 1558; x_wconf 91' lang='lat' dir='ltr'>modo,</span> <span class='ocrx_word' id='word_1_91' title='bbox 1195 1491 1230 1541; x_wconf 92' lang='lat' dir='ltr'>ut</span> <span class='ocrx_word' id='word_1_92' title='bbox 1251 1478 1278 1539; x_wconf 92' lang='lat' dir='ltr'>si</span> <span class='ocrx_word' id='word_1_93' title='bbox 1302 1477 1370 1561; x_wconf 89' lang='lat' dir='ltr'>ipsa</span> <span class='ocrx_word' id='word_1_94' title='bbox 1395 1476 1504 1540; x_wconf 86' lang='lat' dir='ltr'>relicta</span> 
     </span>
     <span class='ocr_line' id='line_1_12' title="bbox 238 1583 1503 1668; baseline -0.003 -20"><span class='ocrx_word' id='word_1_95' title='bbox 238 1587 440 1667; x_wconf 83' lang='lat' dir='ltr'>Margaretha</span> <span class='ocrx_word' id='word_1_96' title='bbox 465 1601 496 1648; x_wconf 90' lang='lat' dir='ltr'>et</span> <span class='ocrx_word' id='word_1_97' title='bbox 522 1586 688 1647; x_wconf 82' lang='lat' dir='ltr'>Emericus</span> <span class='ocrx_word' id='word_1_98' title='bbox 712 1584 797 1647; x_wconf 89' lang='lat' dir='ltr'>filius</span> <span class='ocrx_word' id='word_1_99' title='bbox 829 1605 905 1646; x_wconf 91' lang='lat' dir='ltr'>suus</span> <span class='ocrx_word' id='word_1_100' title='bbox 928 1586 960 1646; x_wconf 95' lang='lat' dir='ltr'>id</span> <span class='ocrx_word' id='word_1_101' title='bbox 994 1587 1205 1668; x_wconf 89' lang='lat' dir='ltr'>comprobare</span> <span class='ocrx_word' id='word_1_102' title='bbox 1229 1598 1391 1667; x_wconf 88' lang='lat' dir='ltr'>poterunt,</span> <span class='ocrx_word' id='word_1_103' title='bbox 1414 1583 1503 1667; x_wconf 91' lang='lat' dir='ltr'>quod</span> 
     </span>
     <span class='ocr_line' id='line_1_13' title="bbox 238 1688 1506 1776; baseline -0.002 -23"><span class='ocrx_word' id='word_1_104' title='bbox 238 1690 379 1776; x_wconf 86' lang='lat' dir='ltr'>prelatus</span> <span class='ocrx_word' id='word_1_105' title='bbox 404 1692 551 1775; x_wconf 87' lang='lat' dir='ltr'>Mathyas</span> <span class='ocrx_word' id='word_1_106' title='bbox 574 1691 695 1771; x_wconf 87' lang='lat' dir='ltr'>juratus</span> <span class='ocrx_word' id='word_1_107' title='bbox 720 1711 776 1773; x_wconf 89' lang='lat' dir='ltr'>per</span> <span class='ocrx_word' id='word_1_108' title='bbox 802 1712 834 1752; x_wconf 91' lang='lat' dir='ltr'>se</span> <span class='ocrx_word' id='word_1_109' title='bbox 860 1707 914 1752; x_wconf 89' lang='lat' dir='ltr'>aut</span> <span class='ocrx_word' id='word_1_110' title='bbox 938 1711 994 1773; x_wconf 90' lang='lat' dir='ltr'>per</span> <span class='ocrx_word' id='word_1_111' title='bbox 1011 1692 1160 1754; x_wconf 88' lang='lat' dir='ltr'>homines</span> <span class='ocrx_word' id='word_1_112' title='bbox 1183 1709 1258 1754; x_wconf 85' lang='lat' dir='ltr'>suos</span> <span class='ocrx_word' id='word_1_113' title='bbox 1281 1690 1370 1771; x_wconf 79' lang='lat' dir='ltr'>ligna</span> <span class='ocrx_word' id='word_1_114' title='bbox 1393 1688 1506 1753; x_wconf 88' lang='lat' dir='ltr'>lecerit</span> 
     </span>
     <span class='ocr_line' id='line_1_14' title="bbox 238 1796 1505 1881; baseline -0.002 -21"><span class='ocrx_word' id='word_1_115' title='bbox 238 1820 344 1861; x_wconf 87' lang='lat' dir='ltr'>secare</span> <span class='ocrx_word' id='word_1_116' title='bbox 370 1799 400 1859; x_wconf 92' lang='lat' dir='ltr'>in</span> <span class='ocrx_word' id='word_1_117' title='bbox 427 1799 569 1881; x_wconf 88' lang='lat' dir='ltr'>predicta</span> <span class='ocrx_word' id='word_1_118' title='bbox 587 1797 665 1860; x_wconf 89' lang='lat' dir='ltr'>silva</span> <span class='ocrx_word' id='word_1_119' title='bbox 690 1817 746 1859; x_wconf 89' lang='lat' dir='ltr'>seu</span> <span class='ocrx_word' id='word_1_120' title='bbox 764 1797 904 1878; x_wconf 84' lang='lat' dir='ltr'>virgulto</span> <span class='ocrx_word' id='word_1_121' title='bbox 923 1799 1065 1880; x_wconf 89' lang='lat' dir='ltr'>ipsorum</span> <span class='ocrx_word' id='word_1_122' title='bbox 1085 1797 1285 1879; x_wconf 81' lang='lat' dir='ltr'>Margarethe</span> <span class='ocrx_word' id='word_1_123' title='bbox 1309 1810 1341 1859; x_wconf 86' lang='lat' dir='ltr'>et</span> <span class='ocrx_word' id='word_1_124' title='bbox 1364 1796 1505 1859; x_wconf 88' lang='lat' dir='ltr'>Emerici</span> 
     </span>
     <span class='ocr_line' id='line_1_15' title="bbox 239 1904 1505 1987; baseline -0.001 -21"><span class='ocrx_word' id='word_1_125' title='bbox 239 1906 294 1967; x_wconf 86' lang='lat' dir='ltr'>filii</span> <span class='ocrx_word' id='word_1_126' title='bbox 321 1906 420 1986; x_wconf 90' lang='lat' dir='ltr'>ipsius</span> <span class='ocrx_word' id='word_1_127' title='bbox 445 1906 583 1966; x_wconf 90' lang='lat' dir='ltr'>condam</span> <span class='ocrx_word' id='word_1_128' title='bbox 608 1905 698 1965; x_wconf 87' lang='lat' dir='ltr'>Pauli</span> <span class='ocrx_word' id='word_1_129' title='bbox 726 1904 855 1985; x_wconf 85' lang='lat' dir='ltr'>Babych</span> <span class='ocrx_word' id='word_1_130' title='bbox 877 1924 1086 1986; x_wconf 90' lang='lat' dir='ltr'>quocumque</span> <span class='ocrx_word' id='word_1_131' title='bbox 1102 1920 1246 1987; x_wconf 87' lang='lat' dir='ltr'>ternpore</span> <span class='ocrx_word' id='word_1_132' title='bbox 1271 1916 1505 1987; x_wconf 87' lang='lat' dir='ltr'>postmortem</span> 
     </span>
     <span class='ocr_line' id='line_1_16' title="bbox 238 2008 1504 2095; baseline -0.002 -22"><span class='ocrx_word' id='word_1_133' title='bbox 238 2013 372 2095; x_wconf 82' lang='lat' dir='ltr'>predicti</span> <span class='ocrx_word' id='word_1_134' title='bbox 398 2012 553 2073; x_wconf 80' lang='lat' dir='ltr'>Anthonii</span> <span class='ocrx_word' id='word_1_135' title='bbox 580 2010 747 2089; x_wconf 85' lang='lat' dir='ltr'>carnificis,</span> <span class='ocrx_word' id='word_1_136' title='bbox 770 2026 844 2071; x_wconf 90' lang='lat' dir='ltr'>tunc</span> <span class='ocrx_word' id='word_1_137' title='bbox 869 2012 937 2092; x_wconf 87' lang='lat' dir='ltr'>ipse</span> <span class='ocrx_word' id='word_1_138' title='bbox 955 2011 1102 2093; x_wconf 84' lang='lat' dir='ltr'>Mathyas</span> <span class='ocrx_word' id='word_1_139' title='bbox 1125 2010 1246 2093; x_wconf 89' lang='lat' dir='ltr'>juratus</span> <span class='ocrx_word' id='word_1_140' title='bbox 1267 2010 1449 2073; x_wconf 83' lang='lat' dir='ltr'>remanebit</span> <span class='ocrx_word' id='word_1_141' title='bbox 1470 2008 1504 2071; x_wconf 91' lang='lat' dir='ltr'>in</span> 
     </span>
     <span class='ocr_line' id='line_1_17' title="bbox 239 2117 1505 2200; baseline -0.002 -21"><span class='ocrx_word' id='word_1_142' title='bbox 239 2120 377 2198; x_wconf 82' lang='lat' dir='ltr'>birsagio</span> <span class='ocrx_word' id='word_1_143' title='bbox 403 2119 552 2199; x_wconf 83' lang='lat' dir='ltr'>potencie</span> <span class='ocrx_word' id='word_1_144' title='bbox 577 2134 685 2179; x_wconf 91' lang='lat' dir='ltr'>contra</span> <span class='ocrx_word' id='word_1_145' title='bbox 713 2117 851 2195; x_wconf 86' lang='lat' dir='ltr'>judicem</span> <span class='ocrx_word' id='word_1_146' title='bbox 878 2132 908 2178; x_wconf 90' lang='lat' dir='ltr'>et</span> <span class='ocrx_word' id='word_1_147' title='bbox 926 2132 1047 2200; x_wconf 88' lang='lat' dir='ltr'>partem</span> <span class='ocrx_word' id='word_1_148' title='bbox 1066 2118 1244 2196; x_wconf 87' lang='lat' dir='ltr'>adversam,</span> <span class='ocrx_word' id='word_1_149' title='bbox 1267 2136 1366 2198; x_wconf 91' lang='lat' dir='ltr'>quam</span> <span class='ocrx_word' id='word_1_150' title='bbox 1391 2129 1505 2199; x_wconf 90' lang='lat' dir='ltr'>poten·</span> 
     </span>
     <span class='ocr_line' id='line_1_18' title="bbox 238 2222 1506 2306; baseline -0.002 -21"><span class='ocrx_word' id='word_1_151' title='bbox 238 2226 320 2286; x_wconf 88' lang='lat' dir='ltr'>ciam</span> <span class='ocrx_word' id='word_1_152' title='bbox 347 2224 413 2305; x_wconf 86' lang='lat' dir='ltr'>ipsa</span> <span class='ocrx_word' id='word_1_153' title='bbox 440 2224 640 2303; x_wconf 78' lang='lat' dir='ltr'>lllargaretha</span> <span class='ocrx_word' id='word_1_154' title='bbox 666 2240 776 2285; x_wconf 89' lang='lat' dir='ltr'>contra</span> <span class='ocrx_word' id='word_1_155' title='bbox 799 2225 902 2305; x_wconf 88' lang='lat' dir='ltr'>ipsum</span> <span class='ocrx_word' id='word_1_156' title='bbox 923 2222 1086 2306; x_wconf 83' lang='lat' dir='ltr'>Mathyam</span> <span class='ocrx_word' id='word_1_157' title='bbox 1103 2224 1243 2306; x_wconf 86' lang='lat' dir='ltr'>juratum</span> <span class='ocrx_word' id='word_1_158' title='bbox 1268 2242 1375 2285; x_wconf 87' lang='lat' dir='ltr'>coram</span> <span class='ocrx_word' id='word_1_159' title='bbox 1393 2222 1506 2303; x_wconf 86' lang='lat' dir='ltr'>juratis</span> 
     </span>
     <span class='ocr_line' id='line_1_19' title="bbox 240 2328 1506 2412; baseline -0.002 -21"><span class='ocrx_word' id='word_1_160' title='bbox 240 2331 367 2412; x_wconf 87' lang='lat' dir='ltr'>publice</span> <span class='ocrx_word' id='word_1_161' title='bbox 392 2333 604 2412; x_wconf 81' lang='lat' dir='ltr'>proponebat,</span> <span class='ocrx_word' id='word_1_162' title='bbox 629 2331 652 2390; x_wconf 91' lang='lat' dir='ltr'>si</span> <span class='ocrx_word' id='word_1_163' title='bbox 679 2346 786 2391; x_wconf 86' lang='lat' dir='ltr'>autern</span> <span class='ocrx_word' id='word_1_164' title='bbox 811 2332 1021 2411; x_wconf 88' lang='lat' dir='ltr'>comprobare</span> <span class='ocrx_word' id='word_1_165' title='bbox 1047 2350 1111 2391; x_wconf 95' lang='lat' dir='ltr'>non</span> <span class='ocrx_word' id='word_1_166' title='bbox 1140 2329 1258 2411; x_wconf 88' lang='lat' dir='ltr'>poterit</span> <span class='ocrx_word' id='word_1_167' title='bbox 1281 2328 1394 2391; x_wconf 89' lang='lat' dir='ltr'>eadem</span> <span class='ocrx_word' id='word_1_168' title='bbox 1420 2328 1506 2391; x_wconf 85' lang='lat' dir='ltr'>Mar·</span> 
     </span>
     <span class='ocr_line' id='line_1_20' title="bbox 240 2436 1106 2518; baseline 0.001 -21"><span class='ocrx_word' id='word_1_169' title='bbox 240 2438 381 2516; x_wconf 67' lang='lat' dir='ltr'>paredas,</span> <span class='ocrx_word' id='word_1_170' title='bbox 404 2450 480 2497; x_wconf 92' lang='lat' dir='ltr'>tunc</span> <span class='ocrx_word' id='word_1_171' title='bbox 504 2436 571 2497; x_wconf 88' lang='lat' dir='ltr'>sola</span> <span class='ocrx_word' id='word_1_172' title='bbox 598 2437 628 2497; x_wconf 93' lang='lat' dir='ltr'>in</span> <span class='ocrx_word' id='word_1_173' title='bbox 655 2437 720 2518; x_wconf 88' lang='lat' dir='ltr'>ipsa</span> <span class='ocrx_word' id='word_1_174' title='bbox 746 2437 892 2517; x_wconf 90' lang='lat' dir='ltr'>potencia</span> <span class='ocrx_word' id='word_1_175' title='bbox 917 2437 1106 2499; x_wconf 87' lang='lat' dir='ltr'>remanebit.</span> 
     </span>
    </p>
   </div>
   <div class='ocr_carea' id='block_1_2' title="bbox 259 2654 1473 2746">
    <p class='ocr_par' dir='ltr' id='par_1_3' title="bbox 259 2654 1473 2746">
     <span class='ocr_line' id='line_1_21' title="bbox 259 2654 1473 2746; baseline -0.001 -18"><span class='ocrx_word' id='word_1_176' title='bbox 259 2655 355 2729; x_wconf 82' lang='lat' dir='ltr'>Faria</span> <span class='ocrx_word' id='word_1_177' title='bbox 384 2666 481 2728; x_wconf 82' lang='lat' dir='ltr'>serta</span> <span class='ocrx_word' id='word_1_178' title='bbox 503 2659 656 2746; x_wconf 79' lang='lat' dir='ltr'>proxima</span> <span class='ocrx_word' id='word_1_179' title='bbox 677 2670 752 2746; x_wconf 85' lang='lat' dir='ltr'>post</span> <span class='ocrx_word' id='word_1_180' title='bbox 779 2658 901 2729; x_wconf 76' lang='lat' dir='ltr'>festum</span> <span class='ocrx_word' id='word_1_181' title='bbox 922 2658 1010 2727; x_wconf 87' lang='lat' dir='ltr'>beati</span> <span class='ocrx_word' id='word_1_182' title='bbox 1041 2656 1135 2727; x_wconf 89' lang='lat' dir='ltr'>Pauli</span> <span class='ocrx_word' id='word_1_183' title='bbox 1165 2657 1264 2745; x_wconf 87' lang='lat' dir='ltr'>primi</span> <span class='ocrx_word' id='word_1_184' title='bbox 1293 2654 1473 2727; x_wconf 83' lang='lat' dir='ltr'>Heremite.</span> 
     </span>
    </p>
   </div>
   <div class='ocr_carea' id='block_1_3' title="bbox 634 2807 1094 2889">
    <p class='ocr_par' dir='ltr' id='par_1_4' title="bbox 634 2807 1094 2889">
     <span class='ocr_line' id='line_1_22' title="bbox 634 2807 1094 2889; baseline 0.004 -22"><span class='ocrx_word' id='word_1_185' title='bbox 634 2807 700 2889; x_wconf 84' lang='lat'>(12.</span> <span class='ocrx_word' id='word_1_186' title='bbox 717 2812 868 2885; x_wconf 65' lang='lat' dir='ltr'>januarii,</span> <span class='ocrx_word' id='word_1_187' title='bbox 891 2829 960 2869; x_wconf 77' lang='lat' dir='ltr'>anre.</span> <span class='ocrx_word' id='word_1_188' title='bbox 988 2807 1094 2888; x_wconf 70' lang='lat'>1453).</span> 
     </span>
    </p>
   </div>
   <div class='ocr_carea' id='block_1_4' title="bbox 239 2948 1506 4849">
    <p class='ocr_par' dir='ltr' id='par_1_5' title="bbox 240 2948 1505 3139">
     <span class='ocr_line' id='line_1_23' title="bbox 346 2948 1505 3033; baseline 0.002 -23"><span class='ocrx_word' id='word_1_189' title='bbox 346 2948 423 3010; x_wconf 90' lang='lat' dir='ltr'>ltem</span> <span class='ocrx_word' id='word_1_190' title='bbox 448 2951 594 3011; x_wconf 83' lang='lat' dir='ltr'>Andreas</span> <span class='ocrx_word' id='word_1_191' title='bbox 619 2965 720 3012; x_wconf 87' lang='lat' dir='ltr'>sartor</span> <span class='ocrx_word' id='word_1_192' title='bbox 745 2966 853 3012; x_wconf 87' lang='lat' dir='ltr'>contra</span> <span class='ocrx_word' id='word_1_193' title='bbox 879 2950 1083 3011; x_wconf 77' lang='lat' dir='ltr'>leonardum</span> <span class='ocrx_word' id='word_1_194' title='bbox 1110 2948 1307 3031; x_wconf 83' lang='lat' dir='ltr'>lutifigulum</span> <span class='ocrx_word' id='word_1_195' title='bbox 1331 2950 1436 3033; x_wconf 90' lang='lat' dir='ltr'>primo</span> <span class='ocrx_word' id='word_1_196' title='bbox 1460 2950 1505 3012; x_wconf 86' lang='lat' dir='ltr'>ci-</span> 
     </span>
     <span class='ocr_line' id='line_1_24' title="bbox 240 3058 626 3139; baseline 0.005 -22"><span class='ocrx_word' id='word_1_197' title='bbox 240 3072 322 3117; x_wconf 87' lang='lat' dir='ltr'>tatus</span> <span class='ocrx_word' id='word_1_198' title='bbox 348 3077 411 3118; x_wconf 93' lang='lat' dir='ltr'>non</span> <span class='ocrx_word' id='word_1_199' title='bbox 437 3058 626 3139; x_wconf 89' lang='lat' dir='ltr'>comparuit.</span> 
     </span>
    </p>

    <p class='ocr_par' dir='ltr' id='par_1_6' title="bbox 239 3163 1505 4411">
     <span class='ocr_line' id='line_1_25' title="bbox 347 3163 1505 3247; baseline 0.004 -25"><span class='ocrx_word' id='word_1_200' title='bbox 347 3163 423 3225; x_wconf 89' lang='lat' dir='ltr'>ltem</span> <span class='ocrx_word' id='word_1_201' title='bbox 450 3164 524 3243; x_wconf 91' lang='lat' dir='ltr'>quia</span> <span class='ocrx_word' id='word_1_202' title='bbox 552 3165 726 3227; x_wconf 88' lang='lat' dir='ltr'>Katherina</span> <span class='ocrx_word' id='word_1_203' title='bbox 758 3165 877 3245; x_wconf 86' lang='lat' dir='ltr'>puella,</span> <span class='ocrx_word' id='word_1_204' title='bbox 912 3163 977 3225; x_wconf 85' lang='lat' dir='ltr'>filia</span> <span class='ocrx_word' id='word_1_205' title='bbox 1002 3165 1138 3225; x_wconf 87' lang='lat' dir='ltr'>condam</span> <span class='ocrx_word' id='word_1_206' title='bbox 1174 3165 1286 3226; x_wconf 90' lang='lat' dir='ltr'>Briccii</span> <span class='ocrx_word' id='word_1_207' title='bbox 1312 3166 1505 3247; x_wconf 85' lang='lat' dir='ltr'>Meynosecz</span> 
     </span>
     <span class='ocr_line' id='line_1_26' title="bbox 240 3269 1503 3353; baseline 0.003 -24"><span class='ocrx_word' id='word_1_208' title='bbox 240 3270 278 3330; x_wconf 89' lang='lat' dir='ltr'>de</span> <span class='ocrx_word' id='word_1_209' title='bbox 304 3284 410 3331; x_wconf 87' lang='lat' dir='ltr'>sancta</span> <span class='ocrx_word' id='word_1_210' title='bbox 438 3269 549 3345; x_wconf 85' lang='lat' dir='ltr'>Elena,</span> <span class='ocrx_word' id='word_1_211' title='bbox 574 3271 640 3331; x_wconf 89' lang='lat' dir='ltr'>sola</span> <span class='ocrx_word' id='word_1_212' title='bbox 666 3273 787 3351; x_wconf 89' lang='lat' dir='ltr'>absque</span> <span class='ocrx_word' id='word_1_213' title='bbox 811 3286 973 3332; x_wconf 85' lang='lat' dir='ltr'>tormento</span> <span class='ocrx_word' id='word_1_214' title='bbox 1003 3269 1145 3331; x_wconf 81' lang='lat' dir='ltr'>consessa</span> <span class='ocrx_word' id='word_1_215' title='bbox 1172 3286 1227 3346; x_wconf 83' lang='lat' dir='ltr'>est,</span> <span class='ocrx_word' id='word_1_216' title='bbox 1253 3269 1419 3352; x_wconf 93' lang='lat' dir='ltr'>quomodo</span> <span class='ocrx_word' id='word_1_217' title='bbox 1437 3270 1503 3353; x_wconf 90' lang='lat' dir='ltr'>ipsa</span> 
     </span>
     <span class='ocr_line' id='line_1_27' title="bbox 240 3374 1504 3459; baseline 0.002 -22"><span class='ocrx_word' id='word_1_218' title='bbox 240 3397 290 3437; x_wconf 89' lang='lat' dir='ltr'>res</span> <span class='ocrx_word' id='word_1_219' title='bbox 313 3376 469 3456; x_wconf 88' lang='lat' dir='ltr'>quasdam</span> <span class='ocrx_word' id='word_1_220' title='bbox 496 3396 544 3437; x_wconf 90' lang='lat' dir='ltr'>res</span> <span class='ocrx_word' id='word_1_221' title='bbox 569 3374 717 3455; x_wconf 77' lang='lat' dir='ltr'>Gregorii</span> <span class='ocrx_word' id='word_1_222' title='bbox 744 3376 856 3459; x_wconf 77' lang='lat' dir='ltr'>lprych</span> <span class='ocrx_word' id='word_1_223' title='bbox 882 3378 921 3437; x_wconf 92' lang='lat' dir='ltr'>de</span> <span class='ocrx_word' id='word_1_224' title='bbox 940 3378 1111 3459; x_wconf 76' lang='lat' dir='ltr'>Jamnycza</span> <span class='ocrx_word' id='word_1_225' title='bbox 1137 3378 1167 3438; x_wconf 88' lang='lat' dir='ltr'>in</span> <span class='ocrx_word' id='word_1_226' title='bbox 1193 3378 1310 3439; x_wconf 90' lang='lat' dir='ltr'>scrinio</span> <span class='ocrx_word' id='word_1_227' title='bbox 1334 3396 1393 3439; x_wconf 91' lang='lat' dir='ltr'>suo</span> <span class='ocrx_word' id='word_1_228' title='bbox 1417 3376 1504 3459; x_wconf 90' lang='lat' dir='ltr'>apud</span> 
     </span>
     <span class='ocr_line' id='line_1_28' title="bbox 241 3482 1504 3566; baseline 0.004 -25"><span class='ocrx_word' id='word_1_229' title='bbox 241 3482 463 3543; x_wconf 82' lang='lat' dir='ltr'>Sebastianum</span> <span class='ocrx_word' id='word_1_230' title='bbox 489 3483 610 3544; x_wconf 90' lang='lat' dir='ltr'>dictum</span> <span class='ocrx_word' id='word_1_231' title='bbox 637 3484 749 3545; x_wconf 76' lang='lat' dir='ltr'>lubalr</span> <span class='ocrx_word' id='word_1_232' title='bbox 773 3485 806 3545; x_wconf 93' lang='lat' dir='ltr'>in</span> <span class='ocrx_word' id='word_1_233' title='bbox 831 3484 929 3545; x_wconf 91' lang='lat' dir='ltr'>domo</span> <span class='ocrx_word' id='word_1_234' title='bbox 951 3504 1007 3545; x_wconf 89' lang='lat' dir='ltr'>sua</span> <span class='ocrx_word' id='word_1_235' title='bbox 1033 3485 1184 3566; x_wconf 89' lang='lat' dir='ltr'>reposito,</span> <span class='ocrx_word' id='word_1_236' title='bbox 1210 3484 1333 3544; x_wconf 89' lang='lat' dir='ltr'>habitas</span> <span class='ocrx_word' id='word_1_237' title='bbox 1356 3496 1388 3546; x_wconf 93' lang='lat' dir='ltr'>et</span> <span class='ocrx_word' id='word_1_238' title='bbox 1410 3501 1504 3566; x_wconf 90' lang='lat' dir='ltr'>repo·</span> 
     </span>
     <span class='ocr_line' id='line_1_29' title="bbox 239 3588 1504 3671; baseline 0.002 -24"><span class='ocrx_word' id='word_1_239' title='bbox 239 3588 324 3664; x_wconf 88' lang='lat' dir='ltr'>sitas,</span> <span class='ocrx_word' id='word_1_240' title='bbox 351 3588 455 3669; x_wconf 90' lang='lat' dir='ltr'>ipsum</span> <span class='ocrx_word' id='word_1_241' title='bbox 472 3590 625 3650; x_wconf 89' lang='lat' dir='ltr'>scrinium</span> <span class='ocrx_word' id='word_1_242' title='bbox 642 3589 859 3651; x_wconf 88' lang='lat' dir='ltr'>subtrahendo</span> <span class='ocrx_word' id='word_1_243' title='bbox 881 3604 977 3669; x_wconf 88' lang='lat' dir='ltr'>atque</span> <span class='ocrx_word' id='word_1_244' title='bbox 995 3590 1228 3671; x_wconf 80' lang='lat' dir='ltr'>confringendo</span> <span class='ocrx_word' id='word_1_245' title='bbox 1246 3590 1411 3667; x_wconf 85' lang='lat' dir='ltr'>subtraxit,</span> <span class='ocrx_word' id='word_1_246' title='bbox 1429 3589 1504 3651; x_wconf 90' lang='lat' dir='ltr'>ideo</span> 
     </span>
     <span class='ocr_line' id='line_1_30' title="bbox 242 3694 1504 3779; baseline 0.003 -26"><span class='ocrx_word' id='word_1_247' title='bbox 242 3714 312 3772; x_wconf 88' lang='lat' dir='ltr'>nos,</span> <span class='ocrx_word' id='word_1_248' title='bbox 337 3708 412 3776; x_wconf 90' lang='lat' dir='ltr'>puta</span> <span class='ocrx_word' id='word_1_249' title='bbox 437 3694 532 3776; x_wconf 84' lang='lat' dir='ltr'>judex</span> <span class='ocrx_word' id='word_1_250' title='bbox 559 3708 590 3757; x_wconf 91' lang='lat' dir='ltr'>et</span> <span class='ocrx_word' id='word_1_251' title='bbox 614 3694 706 3775; x_wconf 84' lang='lat' dir='ltr'>jurati</span> <span class='ocrx_word' id='word_1_252' title='bbox 743 3695 934 3777; x_wconf 84' lang='lat' dir='ltr'>judicialiter</span> <span class='ocrx_word' id='word_1_253' title='bbox 965 3695 1222 3778; x_wconf 86' lang='lat' dir='ltr'>adjudicavimus</span> <span class='ocrx_word' id='word_1_254' title='bbox 1246 3696 1304 3779; x_wconf 91' lang='lat' dir='ltr'>ipsi</span> <span class='ocrx_word' id='word_1_255' title='bbox 1331 3694 1504 3757; x_wconf 89' lang='lat' dir='ltr'>Katherino</span> 
     </span>
     <span class='ocr_line' id='line_1_31' title="bbox 242 3800 1504 3885; baseline 0.003 -24"><span class='ocrx_word' id='word_1_256' title='bbox 242 3801 349 3882; x_wconf 92' lang='lat' dir='ltr'>puelle</span> <span class='ocrx_word' id='word_1_257' title='bbox 375 3821 433 3883; x_wconf 89' lang='lat' dir='ltr'>pro</span> <span class='ocrx_word' id='word_1_258' title='bbox 458 3802 643 3863; x_wconf 89' lang='lat' dir='ltr'>huiusmodi</span> <span class='ocrx_word' id='word_1_259' title='bbox 676 3800 761 3865; x_wconf 82' lang='lat' dir='ltr'>furtu</span> <span class='ocrx_word' id='word_1_260' title='bbox 796 3822 853 3885; x_wconf 92' lang='lat' dir='ltr'>pro</span> <span class='ocrx_word' id='word_1_261' title='bbox 886 3801 987 3883; x_wconf 92' lang='lat' dir='ltr'>prima</span> <span class='ocrx_word' id='word_1_262' title='bbox 1014 3804 1215 3865; x_wconf 89' lang='lat' dir='ltr'>correccione</span> <span class='ocrx_word' id='word_1_263' title='bbox 1247 3802 1368 3865; x_wconf 85' lang='lat' dir='ltr'>abscidi</span> <span class='ocrx_word' id='word_1_264' title='bbox 1401 3800 1504 3865; x_wconf 84' lang='lat' dir='ltr'>iacere</span> 
     </span>
     <span class='ocr_line' id='line_1_32' title="bbox 241 3908 1504 3991; baseline 0.003 -24"><span class='ocrx_word' id='word_1_265' title='bbox 241 3908 418 3969; x_wconf 84' lang='lat' dir='ltr'>auriculam</span> <span class='ocrx_word' id='word_1_266' title='bbox 444 3922 474 3971; x_wconf 90' lang='lat' dir='ltr'>et</span> <span class='ocrx_word' id='word_1_267' title='bbox 499 3927 570 3970; x_wconf 90' lang='lat' dir='ltr'>eam</span> <span class='ocrx_word' id='word_1_268' title='bbox 595 3908 729 3991; x_wconf 88' lang='lat' dir='ltr'>turpiter</span> <span class='ocrx_word' id='word_1_269' title='bbox 760 3908 1029 3970; x_wconf 79' lang='lat' dir='ltr'>sententiavimus</span> <span class='ocrx_word' id='word_1_270' title='bbox 1053 3910 1093 3971; x_wconf 91' lang='lat' dir='ltr'>de</span> <span class='ocrx_word' id='word_1_271' title='bbox 1118 3910 1245 3971; x_wconf 88' lang='lat' dir='ltr'>civitate</span> <span class='ocrx_word' id='word_1_272' title='bbox 1270 3924 1301 3971; x_wconf 89' lang='lat' dir='ltr'>et</span> <span class='ocrx_word' id='word_1_273' title='bbox 1324 3910 1392 3971; x_wconf 89' lang='lat' dir='ltr'>eius</span> <span class='ocrx_word' id='word_1_274' title='bbox 1415 3908 1504 3971; x_wconf 89' lang='lat' dir='ltr'>terri·</span> 
     </span>
     <span class='ocr_line' id='line_1_33' title="bbox 240 4014 1504 4099; baseline 0.003 -24"><span class='ocrx_word' id='word_1_275' title='bbox 240 4014 323 4075; x_wconf 89' lang='lat' dir='ltr'>torio</span> <span class='ocrx_word' id='word_1_276' title='bbox 350 4014 586 4095; x_wconf 86' lang='lat' dir='ltr'>expellendam,</span> <span class='ocrx_word' id='word_1_277' title='bbox 624 4016 861 4078; x_wconf 85' lang='lat' dir='ltr'>committentes</span> <span class='ocrx_word' id='word_1_278' title='bbox 893 4015 1010 4095; x_wconf 88' lang='lat' dir='ltr'>eidem,</span> <span class='ocrx_word' id='word_1_279' title='bbox 1035 4030 1068 4077; x_wconf 91' lang='lat' dir='ltr'>ut</span> <span class='ocrx_word' id='word_1_280' title='bbox 1093 4020 1159 4099; x_wconf 88' lang='lat' dir='ltr'>ipsa</span> <span class='ocrx_word' id='word_1_281' title='bbox 1184 4017 1223 4078; x_wconf 91' lang='lat' dir='ltr'>de</span> <span class='ocrx_word' id='word_1_282' title='bbox 1255 4030 1361 4079; x_wconf 90' lang='lat' dir='ltr'>cetero</span> <span class='ocrx_word' id='word_1_283' title='bbox 1386 4031 1416 4079; x_wconf 92' lang='lat' dir='ltr'>et</span> <span class='ocrx_word' id='word_1_284' title='bbox 1447 4036 1504 4099; x_wconf 87' lang='lat' dir='ltr'>per</span> 
     </span>
     <span class='ocr_line' id='line_1_34' title="bbox 241 4121 1505 4203; baseline 0.005 -24"><span class='ocrx_word' id='word_1_285' title='bbox 241 4121 381 4201; x_wconf 88' lang='lat' dir='ltr'>amplius</span> <span class='ocrx_word' id='word_1_286' title='bbox 406 4122 436 4181; x_wconf 92' lang='lat' dir='ltr'>in</span> <span class='ocrx_word' id='word_1_287' title='bbox 463 4122 623 4182; x_wconf 85' lang='lat' dir='ltr'>civitatem</span> <span class='ocrx_word' id='word_1_288' title='bbox 649 4124 825 4203; x_wconf 86' lang='lat' dir='ltr'>predictam</span> <span class='ocrx_word' id='word_1_289' title='bbox 850 4138 880 4184; x_wconf 89' lang='lat' dir='ltr'>et</span> <span class='ocrx_word' id='word_1_290' title='bbox 906 4125 974 4183; x_wconf 90' lang='lat' dir='ltr'>eius</span> <span class='ocrx_word' id='word_1_291' title='bbox 998 4125 1193 4187; x_wconf 81' lang='lat' dir='ltr'>territorium</span> <span class='ocrx_word' id='word_1_292' title='bbox 1219 4126 1334 4187; x_wconf 91' lang='lat' dir='ltr'>intrare</span> <span class='ocrx_word' id='word_1_293' title='bbox 1360 4145 1424 4187; x_wconf 94' lang='lat' dir='ltr'>non</span> <span class='ocrx_word' id='word_1_294' title='bbox 1450 4124 1505 4185; x_wconf 90' lang='lat' dir='ltr'>de·</span> 
     </span>
     <span class='ocr_line' id='line_1_35' title="bbox 242 4228 1504 4311; baseline 0.006 -24"><span class='ocrx_word' id='word_1_295' title='bbox 242 4228 325 4305; x_wconf 90' lang='lat' dir='ltr'>beat,</span> <span class='ocrx_word' id='word_1_296' title='bbox 350 4247 412 4308; x_wconf 91' lang='lat' dir='ltr'>que</span> <span class='ocrx_word' id='word_1_297' title='bbox 437 4228 462 4288; x_wconf 90' lang='lat' dir='ltr'>si</span> <span class='ocrx_word' id='word_1_298' title='bbox 488 4228 527 4287; x_wconf 93' lang='lat' dir='ltr'>de</span> <span class='ocrx_word' id='word_1_299' title='bbox 553 4242 657 4289; x_wconf 88' lang='lat' dir='ltr'>cetero</span> <span class='ocrx_word' id='word_1_300' title='bbox 684 4244 713 4289; x_wconf 89' lang='lat' dir='ltr'>ct</span> <span class='ocrx_word' id='word_1_301' title='bbox 738 4229 956 4311; x_wconf 87' lang='lat' dir='ltr'>peramplius</span> <span class='ocrx_word' id='word_1_302' title='bbox 983 4229 1023 4291; x_wconf 89' lang='lat' dir='ltr'>ad</span> <span class='ocrx_word' id='word_1_303' title='bbox 1048 4231 1208 4293; x_wconf 87' lang='lat' dir='ltr'>civitatem</span> <span class='ocrx_word' id='word_1_304' title='bbox 1234 4246 1264 4293; x_wconf 90' lang='lat' dir='ltr'>et</span> <span class='ocrx_word' id='word_1_305' title='bbox 1288 4234 1356 4293; x_wconf 90' lang='lat' dir='ltr'>eius</span> <span class='ocrx_word' id='word_1_306' title='bbox 1379 4233 1504 4294; x_wconf 91' lang='lat' dir='ltr'>territo·</span> 
     </span>
     <span class='ocr_line' id='line_1_36' title="bbox 242 4334 471 4411; baseline 0.009 -18"><span class='ocrx_word' id='word_1_307' title='bbox 242 4334 334 4395; x_wconf 91' lang='lat' dir='ltr'>rium.</span> <span class='ocrx_word' id='word_1_308' title='bbox 361 4337 471 4411; x_wconf 80' lang='lat' dir='ltr'>(deest).</span> 
     </span>
    </p>

    <p class='ocr_par' dir='ltr' id='par_1_7' title="bbox 242 4440 1506 4849">
     <span class='ocr_line' id='line_1_37' title="bbox 350 4440 1504 4522; baseline 0.005 -20"><span class='ocrx_word' id='word_1_309' title='bbox 350 4440 427 4502; x_wconf 85' lang='lat' dir='ltr'>ltem</span> <span class='ocrx_word' id='word_1_310' title='bbox 452 4442 527 4522; x_wconf 87' lang='lat' dir='ltr'>quia</span> <span class='ocrx_word' id='word_1_311' title='bbox 554 4441 651 4503; x_wconf 80' lang='lat' dir='ltr'>Lucia</span> <span class='ocrx_word' id='word_1_312' title='bbox 677 4440 741 4503; x_wconf 88' lang='lat' dir='ltr'>srlia</span> <span class='ocrx_word' id='word_1_313' title='bbox 766 4447 860 4504; x_wconf 81' lang='lat' dir='ltr'>Anne</span> <span class='ocrx_word' id='word_1_314' title='bbox 878 4443 1002 4520; x_wconf 88' lang='lat' dir='ltr'>claude,</span> <span class='ocrx_word' id='word_1_315' title='bbox 1027 4464 1107 4506; x_wconf 81' lang='lat' dir='ltr'>uxor</span> <span class='ocrx_word' id='word_1_316' title='bbox 1131 4443 1268 4506; x_wconf 91' lang='lat' dir='ltr'>condam</span> <span class='ocrx_word' id='word_1_317' title='bbox 1295 4446 1383 4508; x_wconf 86' lang='lat' dir='ltr'>Pauli</span> <span class='ocrx_word' id='word_1_318' title='bbox 1409 4444 1504 4508; x_wconf 86' lang='lat' dir='ltr'>sreni-</span> 
     </span>
     <span class='ocr_line' id='line_1_38' title="bbox 242 4547 1505 4635; baseline 0.006 -28"><span class='ocrx_word' id='word_1_319' title='bbox 242 4547 336 4629; x_wconf 91' lang='lat' dir='ltr'>paris,</span> <span class='ocrx_word' id='word_1_320' title='bbox 361 4548 392 4607; x_wconf 93' lang='lat' dir='ltr'>in</span> <span class='ocrx_word' id='word_1_321' title='bbox 417 4548 567 4609; x_wconf 85' lang='lat' dir='ltr'>societate</span> <span class='ocrx_word' id='word_1_322' title='bbox 593 4548 732 4628; x_wconf 89' lang='lat' dir='ltr'>predicte</span> <span class='ocrx_word' id='word_1_323' title='bbox 759 4548 932 4611; x_wconf 84' lang='lat' dir='ltr'>Katherine</span> <span class='ocrx_word' id='word_1_324' title='bbox 958 4550 988 4609; x_wconf 93' lang='lat' dir='ltr'>in</span> <span class='ocrx_word' id='word_1_325' title='bbox 1015 4548 1138 4632; x_wconf 86' lang='lat' dir='ltr'>prelato</span> <span class='ocrx_word' id='word_1_326' title='bbox 1167 4548 1252 4613; x_wconf 91' lang='lat' dir='ltr'>lurtu</span> <span class='ocrx_word' id='word_1_327' title='bbox 1276 4568 1321 4614; x_wconf 87' lang='lat' dir='ltr'>est</span> <span class='ocrx_word' id='word_1_328' title='bbox 1345 4568 1505 4635; x_wconf 79' lang='lat' dir='ltr'>repperto,</span> 
     </span>
     <span class='ocr_line' id='line_1_39' title="bbox 243 4652 1506 4737; baseline 0.005 -22"><span class='ocrx_word' id='word_1_329' title='bbox 243 4668 337 4735; x_wconf 87' lang='lat' dir='ltr'>prout</span> <span class='ocrx_word' id='word_1_330' title='bbox 361 4656 462 4715; x_wconf 87' lang='lat' dir='ltr'>eciam</span> <span class='ocrx_word' id='word_1_331' title='bbox 487 4655 555 4716; x_wconf 88' lang='lat' dir='ltr'>sola</span> <span class='ocrx_word' id='word_1_332' title='bbox 579 4668 626 4715; x_wconf 86' lang='lat' dir='ltr'>est</span> <span class='ocrx_word' id='word_1_333' title='bbox 649 4652 739 4731; x_wconf 87' lang='lat' dir='ltr'>lassa,</span> <span class='ocrx_word' id='word_1_334' title='bbox 765 4654 838 4717; x_wconf 89' lang='lat' dir='ltr'>ideo</span> <span class='ocrx_word' id='word_1_335' title='bbox 870 4656 970 4717; x_wconf 89' lang='lat' dir='ltr'>eciam</span> <span class='ocrx_word' id='word_1_336' title='bbox 996 4656 1102 4717; x_wconf 88' lang='lat' dir='ltr'>eidem</span> <span class='ocrx_word' id='word_1_337' title='bbox 1129 4656 1225 4717; x_wconf 83' lang='lat' dir='ltr'>Lucio</span> <span class='ocrx_word' id='word_1_338' title='bbox 1250 4659 1506 4737; x_wconf 89' lang='lat' dir='ltr'>adjudicavimus</span> 
     </span>
     <span class='ocr_line' id='line_1_40' title="bbox 244 4760 1504 4849; baseline 0.008 -28"><span class='ocrx_word' id='word_1_339' title='bbox 244 4780 302 4843; x_wconf 88' lang='lat' dir='ltr'>pro</span> <span class='ocrx_word' id='word_1_340' title='bbox 326 4760 428 4843; x_wconf 89' lang='lat' dir='ltr'>prima</span> <span class='ocrx_word' id='word_1_341' title='bbox 461 4762 664 4823; x_wconf 86' lang='lat' dir='ltr'>correccione</span> <span class='ocrx_word' id='word_1_342' title='bbox 688 4762 864 4823; x_wconf 89' lang='lat' dir='ltr'>auriculam</span> <span class='ocrx_word' id='word_1_343' title='bbox 898 4762 1018 4823; x_wconf 86' lang='lat' dir='ltr'>abscidi</span> <span class='ocrx_word' id='word_1_344' title='bbox 1052 4777 1082 4825; x_wconf 89' lang='lat' dir='ltr'>et</span> <span class='ocrx_word' id='word_1_345' title='bbox 1108 4762 1207 4845; x_wconf 85' lang='lat' dir='ltr'>ipsam</span> <span class='ocrx_word' id='word_1_346' title='bbox 1239 4768 1373 4849; x_wconf 88' lang='lat' dir='ltr'>turpiter</span> <span class='ocrx_word' id='word_1_347' title='bbox 1405 4768 1504 4832; x_wconf 91' lang='lat' dir='ltr'>modo</span> 
     </span>
    </p>
   </div>
   <div class='ocr_carea' id='block_1_5' title="bbox 0 0 1750 5272">
    <p class='ocr_par' dir='ltr' id='par_1_8' title="bbox 0 0 1750 5272">
     <span class='ocr_line' id='line_1_41' title="bbox 0 0 1750 5272; baseline 0 0"><span class='ocrx_word' id='word_1_348' title='bbox 0 0 1750 5272; x_wconf 95' lang='lat' dir='ltr'> </span> 
     </span>
    </p>
   </div>
  </div>
 </body>
</html>
