3488 5272
266 356 305 418 38
676 338 762 397 Anno
785 349 874 414 1452.
898 369 942 379 -
965 350 1013 396 21.
1030 335 1115 412 julii.

263 549 381 612 Bolsak
398 563 512 612 octavo
537 548 588 610 die
606 568 701 631 super
725 567 812 611 aram
838 560 946 609 contra
965 547 1096 629 Petrycz
1118 544 1296 607 institorem
1319 545 1423 627 jurare
1439 558 1526 608 tene-

266 657 351 719 bitur
374 675 469 739 super
493 675 544 734 e0,
568 669 603 717 ut
627 656 693 738 ipse
719 655 850 738 Petrycz
868 667 931 715 tres
955 652 1095 715 florenos
1111 651 1178 713 auri
1203 652 1254 713 vel
1280 664 1419 728 monete,
1445 671 1527 733 quos

265 763 324 845 ipsi
349 762 481 824 domine
505 761 606 824 Elene
631 760 727 823 hodie
745 762 905 823 asserebat
928 757 997 821 fore
1019 758 1120 835 datos,
1145 757 1251 819 eidem
1268 757 1401 820 domine
1426 757 1527 819 Elene

263 888 329 930 non
348 867 438 930 dedit
461 887 566 949 neque
583 867 690 946 solvit,
713 867 769 928 sed
795 867 826 928 in
850 865 941 929 totali
966 865 1097 926 accione
1115 863 1258 926 eiusdem
1284 863 1415 946 Petrycz
1433 865 1525 925 inuo-

262 994 336 1037 cens
360 987 442 1037 esset
465 973 595 1056 penitus
618 986 649 1035 et
673 973 813 1039 innoxia.

264 1189 360 1264 Ferla
388 1199 485 1264 sexta
524 1193 676 1281 proxima
712 1198 789 1281 post
827 1191 949 1263 festum
988 1199 1183 1263 sanctorum
1213 1190 1294 1275 Viti,
1324 1191 1466 1262 Modesti
1495 1197 1529 1262 el

682 1314 873 1388 crescencie
900 1322 1105 1403 martyram.

806 1482 868 1558 (16.
885 1487 994 1563 junii),

764 1641 879 1704 (Confer.
898 1658 957 1708 pag.
976 1641 1031 1708 36.)

371 1787 448 1849 Item
473 1785 658 1847 Anthonius
682 1783 771 1846 faber
795 1798 905 1847 contra
930 1786 1141 1848 Benedictum
1160 1787 1338 1849 institorem
1363 1785 1469 1867 primo
1485 1783 1528 1844 ci·

265 1907 348 1956 tatus
373 1912 436 1955 non
463 1891 652 1975 comparuit.

292 2129 387 2204 ieria
417 2136 514 2201 sexta
552 2131 704 2218 proxima
733 2138 811 2199 ante
847 2129 972 2200 festum
1008 2138 1126 2202 sancte
1163 2130 1268 2201 llarie
1297 2128 1501 2216 Magdalene.

807 2299 868 2372 (21.
886 2300 984 2375 julii).

371 2440 448 2502 ltem
473 2439 550 2521 quia
568 2437 728 2520 Georgius
746 2437 834 2499 faber
851 2437 936 2500 filius
958 2439 1040 2501 Petri
1059 2440 1193 2520 Ztrugar
1210 2440 1250 2502 de
1275 2438 1529 2520 Hrazthowycza

264 2547 297 2609 in
322 2544 492 2606 manifesto
518 2543 603 2607 lurtu
628 2558 658 2606 et
688 2545 909 2628 asportacione
942 2546 1151 2627 pecuniarum
1176 2546 1234 2606 viri
1268 2545 1394 2626 providi
1419 2557 1449 2604 et
1473 2543 1529 2605 lto·

265 2652 345 2715 nesti
370 2651 532 2713 Valentini
557 2648 637 2711 fabri
662 2649 718 2711 filii
744 2651 872 2712 Martini
903 2651 1147 2734 Woyewodych
1174 2652 1212 2712 de
1238 2651 1383 2733 Tersych
1409 2662 1455 2711 est
1480 2650 1526 2711 in-

266 2773 390 2837 ventus,
415 2772 510 2840 prout
534 2758 668 2839 ipsemet
698 2756 856 2838 Georgius
881 2756 969 2818 faber
993 2757 1090 2820 hodie
1123 2758 1155 2818 in
1186 2757 1306 2838 iudicio
1330 2777 1439 2819 coram
1462 2768 1529 2819 tota

267 2864 497 2928 communitate
522 2876 568 2924 est
597 2863 777 2940 confessus,
809 2863 949 2945 ideoque
982 2864 1086 2946 ipsum
1120 2863 1298 2945 Georgium
1331 2862 1456 2924 fabrum
1489 2861 1530 2925 ad

267 2972 436 3032 instantem
473 2970 667 3051 peticionem
704 2970 916 3051 plurimorum
953 2972 1113 3031 bonorum
1146 2970 1287 3030 virorum
1323 2989 1380 3051 pro
1413 2968 1529 3029 eodem

269 3076 410 3156 Georgio
436 3074 526 3140 fabro
551 3076 644 3136 nobis
669 3074 794 3153 laetam,
826 3077 865 3136 de
898 3076 1023 3137 civitate
1049 3078 1172 3137 eteius
1204 3076 1364 3137 territorio
1396 3075 1529 3156 turpiter

268 3183 384 3265 expelli
418 3180 551 3242 fecimus
582 3201 639 3263 pro
672 3182 773 3263 prima
806 3183 1026 3261 correccione‚
1058 3183 1132 3244 licet
1164 3202 1220 3264 pro
1254 3183 1322 3264 ipso
1356 3180 1441 3242 furtu
1471 3199 1530 3240 suo

269 3307 384 3371 penam
410 3287 558 3369 supplicii
584 3287 718 3368 patibuli
738 3287 956 3366 demeruisset‚
975 3290 1211 3350 committentes
1236 3289 1341 3349 eidem
1367 3302 1401 3348 ut
1425 3287 1463 3347 de
1481 3307 1531 3349 ce·

269 3407 337 3458 tero
363 3394 446 3455 idem
476 3393 635 3474 Georgius
660 3392 748 3455 faber
780 3394 819 3455 ad
850 3396 1011 3456 civitatem
1045 3395 1218 3477 predictam
1252 3395 1375 3455 eteius
1407 3394 1530 3455 territo-

269 3501 351 3562 rium
377 3501 554 3583 predictum
582 3520 747 3581 nunquam
774 3502 889 3563 intrare
911 3502 1035 3579 debeat,
1060 3502 1114 3583 qui
1140 3502 1164 3562 si
1190 3501 1324 3562 indicta
1350 3501 1475 3561 civitate
1500 3514 1530 3561 et

269 3608 338 3669 eius
361 3607 521 3668 territorio
546 3607 684 3688 amplius
709 3623 874 3689 reppertus
906 3608 1010 3686 fuerit,
1039 3609 1124 3689 juxta
1157 3609 1311 3670 demerita
1336 3621 1400 3668 tam
1426 3607 1530 3689 priora

269 3733 367 3796 quam
391 3714 568 3795 posteriora
586 3733 701 3794 penam
719 3714 866 3796 supplicii
892 3734 989 3795 quam
1008 3715 1202 3776 demeruerit
1219 3734 1293 3775 mox
1319 3725 1532 3794 consequetur

269 3837 300 3883 et
323 3820 475 3903 pacietur.

376 3925 451 3987 item
485 3925 578 4005 jurati
611 3926 833 4006 adjudicarunt
866 3947 992 3988 causam
1026 3928 1107 3988 inter
1141 3927 1303 3988 Thomam
1338 3926 1529 4008 lreniparem

270 4032 390 4094 dictum
417 4032 595 4115 Seleznyak
621 4032 721 4094 lilium
748 4034 844 4095 Blasii
870 4048 900 4095 et
932 4034 1013 4096 inter
1037 4034 1200 4096 Andream
1232 4049 1384 4095 sartorem
1410 4032 1531 4094 dictum

270 4137 466 4220 Zernchych,
499 4139 626 4199 racione
656 4140 892 4201 vulnerationis
923 4140 1021 4222 ipsius
1053 4139 1181 4200 Thome
1215 4138 1392 4221 freniparis‚
1424 4156 1531 4199 coram

270 4243 391 4305 eisdem
417 4243 527 4323 juratis
550 4264 606 4326 per
631 4245 735 4327 ipsum
762 4245 924 4306 Thomam
958 4244 1149 4327 freniparem
1184 4245 1246 4324 jam
1272 4259 1403 4322 motam,
1428 4244 1533 4305 taliter

270 4362 301 4411 et
324 4368 364 4410 eo
389 4349 498 4427 modo,
523 4364 558 4411 ut
583 4351 648 4431 ipse
674 4350 819 4411 Andreas
843 4366 943 4412 sartor
975 4352 1118 4433 predicto
1143 4351 1272 4413 Thome
1298 4350 1449 4433 irenipari
1474 4371 1532 4434 pro

270 4454 412 4538 predicta
435 4455 663 4517 vulneratione
689 4476 788 4538 usque
814 4457 853 4517 ad
882 4458 1015 4519 tercium
1049 4457 1134 4518 diem
1160 4459 1254 4519 debet
1278 4456 1531 4519 satisfaccionem

271 4560 493 4625 omnimodam
520 4562 705 4644 inpendere.

376 4685 454 4747 ltem
480 4685 605 4747 Blasius
630 4686 837 4769 Kylawclriclr
863 4702 971 4749 contra
998 4688 1169 4751 Lucasium
1193 4703 1336 4753 sutorem
1361 4691 1465 4772 primo
1490 4691 1532 4751 ci·

271 4804 356 4857 tatus
379 4811 445 4855 non
469 4792 659 4875 comparuit.
