3488 5272
637 301 721 356 Anno
747 310 832 374 1475·
859 333 900 340 -
924 312 972 357 21.
997 297 1115 372 aprilis.

351 511 427 571 Item
455 512 484 570 in
522 530 614 570 causa
652 510 732 569 inter
766 509 893 591 Divdyn
926 523 956 569 et
993 507 1170 589 Georgium
1205 523 1346 570 sutorem
1380 510 1511 570 racione

247 617 412 678 cuiusdam
439 617 530 676 vinee
548 615 669 694 judIces
692 615 958 694 adjudicaverunt
991 614 1079 696 quod
1098 629 1192 696 prout
1217 616 1332 677 habeat
1348 631 1379 677 et
1396 616 1511 678 solvat.

351 723 427 784 Item
453 743 579 783 causam
614 723 695 783 inter
729 723 855 783 Petrum
883 721 993 781 Koncz
1027 735 1056 782 et
1087 722 1214 782 Petrum
1249 738 1510 803 campanatorem

245 830 329 891 idem
356 831 466 891 Petrus
494 831 603 890 Konez
628 829 803 910 appellavit
828 829 860 888 in
885 829 1081 909 presenciam
1107 828 1281 888 seniorum.

351 936 427 997 Item
453 956 580 996 causam
607 937 687 996 inter
721 936 823 996 Eliam
856 948 1114 1015 campanatorem
1148 947 1178 994 et
1210 933 1409 994 Anthonium
1437 934 1510 995 luti·

248 1041 380 1123 figulum
413 1042 535 1120 judices
567 1056 820 1123 prorogaverunt
855 1041 894 1101 ad
930 1040 1069 1102 futurum
1104 1041 1243 1122 primum
1277 1040 1443 1118 iudicium,
1477 1054 1512 1103 ut

248 1150 334 1210 Elias
367 1151 480 1230 probet
520 1149 734 1230 captivitatem
768 1149 922 1208 Anthonii
959 1149 983 1208 si
1016 1150 1197 1209 merebatur
1229 1149 1398 1228 captivari;
1432 1149 1510 1209 item

246 1256 332 1316 Elias
355 1256 490 1316 eandem
516 1274 641 1315 causam
668 1255 841 1336 appellavit
866 1256 897 1315 in
926 1256 1122 1335 presenciam
1148 1255 1321 1316 seniorum.

351 1363 426 1423 Item
452 1382 578 1422 causam
607 1362 687 1421 inter
714 1361 828 1422 I)vvdin
856 1375 886 1421 et
911 1359 1088 1441 Georgium
1117 1375 1270 1439 sutorem,
1296 1361 1380 1422 idern
1407 1360 1509 1423 Geor·

244 1469 316 1548 gius
340 1469 514 1550 appellavit
540 1469 569 1528 in
595 1468 794 1548 presenciam
820 1469 996 1529 seniorum.

350 1576 427 1635 Item
453 1577 483 1635 in
508 1595 601 1636 causa
635 1575 715 1635 Inter
748 1575 852 1635 Eliam
886 1589 1025 1635 sutorem
1061 1588 1090 1634 et
1116 1575 1289 1635 Martinam
1322 1574 1507 1635 Cornacum

244 1682 372 1742 racione
397 1682 574 1742 testamenti
602 1680 767 1741 cuiusdam
795 1681 883 1742 Pauli
903 1681 1080 1761 presbiteri,
1105 1681 1160 1761 qui
1186 1679 1314 1740 obiitin
1334 1679 1510 1757 Wrabcha,

244 1788 393 1848 videlicet
417 1808 469 1848 sex
495 1787 575 1864 flor,
599 1788 704 1847 eidem
727 1788 796 1847 Elie
823 1802 868 1848 est
886 1808 940 1868 per
965 1786 1086 1865 iudices
1104 1785 1321 1866 adjudicatum
1347 1785 1509 1866 juramen·

242 1907 309 1953 tum
336 1893 386 1952 die
412 1893 569 1953 hodIerno
596 1893 758 1973 deponere
789 1893 820 1953 in
854 1894 985 1955 ecclesia
1012 1912 1180 1974 supereo,
1213 1892 1300 1974 quod
1328 1892 1394 1973 ipse
1421 1891 1508 1952 Elias

243 2019 306 2059 non
333 1999 427 2059 habet
452 1999 592 2079 aliquam
618 2000 787 2079 pecuniam
814 1999 957 2060 eiusdem
990 2000 1126 2060 condam
1153 1999 1277 2060 domiui
1304 1999 1406 2076 Pauli,
1431 2001 1507 2079 quia

244 2105 327 2166 idem
355 2107 505 2166 dominus
529 2106 646 2166 Paulus
671 2106 831 2186 legaverat
856 2105 979 2188 prefato
1005 2107 1144 2166 Martino
1168 2104 1253 2167 Iratri
1278 2124 1347 2166 su0.

351 2212 425 2272 Item
454 2212 483 2272 in
510 2232 603 2272 causa
629 2213 709 2272 inter
727 2212 890 2293 Filippum
917 2212 1034 2272 Dden
1061 2227 1091 2272 et
1108 2212 1249 2273 relictam
1276 2209 1439 2288 aurifabrI,
1459 2211 1508 2272 bis

243 2319 336 2380 citata
362 2339 425 2379 non
452 2319 640 2400 comparuit.

394 2554 488 2627 Feria
518 2566 615 2627 sexta
645 2565 721 2626 ante
751 2557 870 2626 testum
901 2558 989 2627 beati
1020 2557 1150 2645 Georgii
1180 2559 1344 2628 martitis.

769 2709 832 2788 (21.
857 2711 986 2784 aprilis).

349 2850 424 2910 Item
459 2852 532 2931 quia
560 2851 683 2911 Blasius
716 2851 798 2912 tilius
832 2851 922 2911 Kirin
948 2852 986 2912 de
1018 2851 1177 2911 territorio
1203 2850 1338 2911 civitatis
1370 2850 1502 2910 Montis·

240 2957 401 3035 grecensis
427 2959 457 3017 in
484 2955 653 3019 manifesto
679 2957 763 3020 furtu
781 2973 936 3019 certarum
960 2978 1075 3035 rerum,
1101 2958 1309 3038 pecuniarum
1335 2957 1501 3017 cuiusdam

242 3063 330 3123 Vane
357 3064 387 3123 in
414 3064 635 3124 Iaztrebarzlca
661 3080 691 3125 et
716 3085 819 3125 rerum
854 3065 976 3125 domini
1008 3066 1077 3125 Elie
1103 3064 1305 3145 prebendarii
1332 3064 1418 3124 chori
1453 3083 1502 3123 ec·

241 3169 335 3230 clesie
360 3171 574 3249 zagrabiensis
600 3186 808 3252 receptarum,
839 3173 868 3230 in
903 3173 1000 3231 domo
1029 3193 1083 3232 sua
1117 3172 1202 3231 civili
1229 3185 1439 3251 receptarum,
1464 3191 1499 3231 ac

241 3276 375 3336 aliarum
401 3297 505 3336 rerum
532 3278 713 3337 concivium
740 3292 921 3337 nostrorum
948 3278 1067 3337 scilieet
1093 3278 1264 3359 Tulonycz
1289 3292 1318 3337 et
1345 3276 1504 3337 Banscha-

240 3384 339 3463 koycz
372 3397 402 3442 et
436 3383 588 3464 Selcltycz
622 3399 764 3462 repertus
789 3399 834 3443 est
871 3404 886 3442 a
920 3399 1017 3461 certo,
1051 3399 1144 3464 prout
1170 3385 1229 3443 hoc
1264 3384 1347 3443 idem
1383 3383 1501 3443 lurtum

241 3490 374 3569 ipsemet
401 3490 523 3549 Illasius
549 3489 597 3548 lut
622 3490 748 3570 publice
775 3489 991 3549 hodiecoratn
1018 3489 1134 3566 judice,
1157 3489 1267 3567 juratis
1292 3505 1321 3550 et
1348 3490 1504 3549 universis

241 3596 364 3655 clvibus
389 3615 423 3654 ac
448 3610 512 3655 tota
539 3597 769 3656 communitate
795 3596 930 3656 civitatis
955 3612 1119 3676 prenotate
1146 3600 1175 3655 in
1194 3596 1334 3675 generali
1361 3611 1391 3655 et
1416 3615 1502 3656 com·

240 3703 328 3761 muni
356 3702 609 3781 congregacione
635 3722 744 3762 eorum
773 3703 802 3761 in
829 3700 948 3778 judicio
979 3717 1025 3763 est
1049 3700 1221 3779 consessus,
1248 3703 1384 3782 ideoque
1411 3701 1501 3778 iurati

240 3808 376 3868 civitatis
402 3823 565 3889 prenotate
592 3810 694 3889 Ipsum
723 3810 862 3869 Blasioni
891 3808 991 3869 furem
1016 3811 1175 3891 supplicio
1199 3825 1228 3869 et
1261 3829 1342 3889 pene
1368 3808 1501 3889 patibuli

239 3916 448 3977 decreverunt
481 3916 548 3977 lore
581 3918 865 3998 condempnatum,
903 3919 956 3998 qui
990 3919 1027 3978 ad
1063 3917 1171 3978 seriam
1206 3932 1324 3976 sextam
1358 3917 1502 3997 proxime

239 4023 407 4083 affuturam
435 4024 518 4100 juxta
544 4046 600 4084 sua
618 4024 770 4084 demerita
788 4025 927 4106 predicta
954 4026 983 4085 in
1011 4025 1155 4107 patibulo
1173 4024 1412 4084 communitatis
1432 4042 1501 4103 pre-

238 4130 320 4190 dicte
346 4131 442 4191 debet
467 4131 629 4211 suspendi.

345 4237 420 4296 Item
448 4237 571 4315 Agatha
590 4237 784 4298 conthoralis
809 4237 951 4297 elusdem
971 4254 1016 4298 est
1038 4237 1202 4297 licenciata
1229 4252 1314 4297 extra
1340 4237 1499 4296 civitatem

237 4358 376 4403 nostram
410 4344 542 4403 ulterius
576 4345 606 4403 in
641 4345 705 4423 ipsa
739 4343 865 4404 civitate
902 4363 965 4402 non
999 4344 1206 4424 permanendi
1241 4363 1298 4423 pro
1331 4362 1379 4418 eu,
1413 4341 1499 4422 quod

238 4449 322 4509 idem
349 4449 473 4529 Agatha
498 4452 623 4511 conscia
649 4448 759 4512 fuisset
786 4449 815 4509 in
835 4448 997 4510 Iurticinio
1022 4450 1178 4510 dictarum
1197 4469 1302 4510 rerum
1322 4468 1377 4529 per
1396 4449 1499 4529 ipsum

241 4556 381 4615 Blasium
409 4557 557 4617 maritum
583 4577 674 4618 suum
702 4557 816 4617 l'urtive
837 4571 1046 4637 receptarum,
1073 4556 1113 4615 ita
1133 4557 1198 4636 ipsa
1217 4554 1341 4634 Agatha
1369 4555 1501 4614 ulterius

238 4662 270 4721 in
297 4663 458 4723 civitatem
485 4677 624 4723 nostram
642 4681 700 4743 pro
726 4682 814 4723 mora
840 4683 903 4723 non
924 4663 1062 4739 intraret,
1086 4682 1149 4743 que
1170 4663 1194 4723 si
1221 4661 1385 4723 intraverit
1401 4661 1498 4721 simili

236 4787 318 4850 pena
343 4768 505 4851 punietur.
