3488 5272
621 349 708 407 Anno
731 358 820 426 1457.
846 383 889 391 -
912 362 961 425 14.
978 345 1131 422 januarii.
1448 365 1509 429 ¹¹9

245 559 391 622 similiter
408 579 510 641 usque
523 574 673 621 octavum
687 560 773 621 diem
791 561 973 641 persolvere
991 559 1151 621 tenebitur
1163 573 1194 621 et
1207 560 1356 637 debebit;
1375 562 1508 643 ipseque

245 666 396 728 dominus
420 666 574 728 Nicolaua
598 667 754 749 plebanus
787 667 913 727 racione
938 666 1021 728 dicte
1053 667 1150 727 tercie
1174 666 1272 747 partis
1296 666 1413 728 domus
1438 687 1507 729 rnu-

244 787 311 835 rate
336 773 436 855 ipsius
461 771 614 835 Demetrii
640 772 734 853 jurati
760 792 817 854 pro
842 792 905 854 qua
929 792 1038 834 secum
1055 772 1203 853 litigavit,
1228 773 1323 835 debet
1347 774 1508 836 dimittere

245 879 277 939 in
302 892 455 962 perpetua
481 898 557 960 pace
582 877 668 959 juxta
693 878 833 960 predicta
859 898 915 940 sua
936 878 1104 960 privilegia
1127 878 1182 940 tali
1207 881 1267 940 sub
1291 878 1507 960 obligacione,

243 987 330 1067 quod
350 1004 555 1067 quecumque
572 1005 644 1067 pars
658 985 797 1068 ipsarum
816 985 958 1067 parcium
977 985 1008 1045 in
1033 984 1174 1066 predicta
1192 985 1405 1048 arbitratione
1423 987 1507 1067 ipso·

244 1110 315 1153 rum
329 1092 522 1153 arbitrorum
536 1111 738 1173 perseverare
757 1091 858 1153 nollet
875 1105 906 1153 et
923 1091 1024 1173 ipsam
1049 1092 1195 1169 violaret,
1211 1091 1284 1152 talis
1309 1111 1381 1173 pars
1398 1105 1508 1153 contra

243 1198 339 1259 aliam
371 1212 494 1280 partem
521 1199 552 1259 in
586 1199 652 1280 ipsa
681 1198 893 1260 arbitratione
927 1212 1184 1280 perseverantem
1217 1199 1249 1259 iu
1273 1199 1507 1280 quinquaginta

244 1305 357 1366 marcis
389 1304 597 1366 denariorum
628 1324 686 1387 pro
717 1318 862 1387 tempore
895 1305 1107 1382 currencium,
1132 1317 1162 1365 et
1186 1318 1295 1366 contra
1328 1306 1506 1366 communi·

244 1425 338 1474 tatem
364 1412 448 1473 dicte
466 1413 604 1475 civitatis
620 1413 767 1474 similiter
782 1413 813 1474 in
832 1414 868 1474 L.
890 1412 1004 1473 marcis
1021 1411 1228 1473 denariorum
1246 1411 1392 1474 convinci
1411 1412 1508 1474 debet

244 1530 274 1579 et
296 1519 441 1599 agravari
467 1538 541 1579 mox
567 1519 636 1600 ipso
662 1516 764 1595 lacto;
799 1519 830 1580 in
855 1538 918 1600 qua
943 1517 1155 1579 arbitracione
1188 1517 1347 1579 dictorum
1372 1518 1507 1579 arbitro·

244 1643 311 1686 rum
337 1626 404 1708 ipse
429 1628 522 1687 ambe
547 1639 652 1707 partes
675 1645 708 1686 se
733 1640 899 1687 contentas
923 1625 1051 1706 penitus
1074 1623 1283 1685 affirmarunt.

347 1732 426 1795 ltem
451 1731 545 1813 jurati
569 1732 836 1812 adjudicaverunt
866 1751 994 1793 causam
1028 1732 1109 1792 inter
1133 1729 1292 1812 prefatum
1318 1729 1505 1791 Conradum

244 1838 381 1918 judicem
407 1852 438 1900 et
471 1839 552 1900 inter
583 1838 785 1900 Anthonium
818 1837 956 1918 juratum
988 1856 1144 1918 generum
1181 1835 1318 1897 condam
1351 1834 1506 1896 Anthonii

244 1946 396 2008 institoris
420 1965 528 2007 coram
552 1945 662 2024 juratis
687 1945 717 2006 in
744 1943 827 2006 iacto
849 1944 969 2005 XXXV
994 1944 1063 2005 flor.
1088 1943 1156 2004 auri
1174 1956 1307 2020 motam,
1332 1962 1370 2004 eo
1395 1942 1506 2019 modo,

244 2065 278 2112 ut
301 2053 377 2133 quia
401 2052 553 2113 dominus
579 2050 732 2112 Clemens
749 2053 904 2133 presbiter
928 2051 1079 2131 magister
1103 2049 1269 2127 hospitalis
1293 2048 1392 2109 nostri
1418 2067 1505 2110 com·

243 2158 349 2219 munis
372 2179 411 2220 eo
437 2158 535 2220 modo
559 2158 649 2236 dixit,
674 2158 763 2238 quod
789 2159 855 2240 ipse
880 2158 912 2218 in
938 2157 998 2217 isto
1022 2156 1169 2217 conscius
1191 2153 1312 2232 luisset,
1338 2154 1426 2236 quod
1452 2155 1506 2215 Jo-

241 2264 364 2326 hannes
389 2265 528 2346 Baptista
547 2264 708 2346 predictos
725 2263 845 2324 XXXV
869 2262 939 2324 flor.
957 2264 1024 2323 auri
1042 2260 1165 2344 prefato
1183 2262 1319 2322 condam
1339 2260 1506 2323 Anthonio

241 2371 378 2432 institori
410 2390 521 2431 socero
555 2371 653 2452 ipsius
686 2370 842 2431 Anthonii
875 2370 992 2430 sutoris
1023 2369 1118 2450 plene
1150 2368 1313 2450 persolvit,
1336 2367 1392 2429 sed
1417 2367 1505 2448 quod

242 2495 341 2538 unum
368 2477 418 2537 vel
444 2477 526 2537 duos
550 2476 632 2554 flor,
657 2496 739 2558 quos
764 2476 824 2536 sibi
850 2475 934 2536 idem
954 2476 1116 2537 lohannes
1140 2475 1281 2557 Baptista
1307 2476 1435 2536 racione
1453 2494 1505 2535 ex-

241 2583 438 2665 pectacionis
463 2583 563 2665 ipsius
587 2583 686 2643 debiti
712 2582 786 2643 dare
805 2581 1012 2663 promisisset,
1037 2601 1101 2643 non
1127 2582 1347 2663 persolvisset;
1372 2595 1403 2642 et
1426 2580 1504 2641 dum

239 2687 382 2772 prelatus
400 2688 571 2750 Conradus
589 2688 684 2768 judex
707 2690 812 2770 ipsum
829 2686 1030 2748 Anthonium
1063 2688 1240 2749 institorem
1265 2687 1406 2769 quodam
1424 2700 1504 2747 tem-

239 2815 317 2878 pore
342 2815 400 2878 pro
426 2796 495 2876 ipso
513 2795 622 2857 debito
648 2815 687 2856 eo
705 2794 804 2856 modo
829 2798 1039 2874 interogasset
1063 2794 1135 2855 etsi
1162 2795 1228 2876 ipse
1245 2794 1407 2855 lohannes
1421 2793 1502 2873 Bap-

239 2903 311 2964 tiata
336 2901 456 2962 dictum
492 2902 637 2962 debitum
671 2902 730 2983 ipsi
757 2902 922 2962 Anthonio
957 2902 1093 2963 institori
1127 2900 1340 2982 persolvisset,
1370 2901 1503 2981 ipseque

239 3008 423 3069 Anthonius
448 3008 574 3069 institor
599 3009 743 3090 predicto
773 3007 926 3069 Conrado
958 3008 1056 3087 judici
1082 3028 1120 3068 eo
1152 3007 1251 3069 modo
1276 3006 1501 3089 respondisset,

239 3115 326 3197 quod
351 3113 493 3198 prelatus
518 3114 680 3176 Johannes
704 3115 845 3195 Baptista
871 3115 929 3196 ipsi
960 3114 1126 3176 Anthonio
1151 3114 1287 3175 institori
1312 3114 1407 3195 plene
1432 3133 1501 3196 pre·

238 3222 341 3283 dictos
371 3221 491 3281 XXXV
516 3220 586 3281 flor.
620 3221 687 3282 auri
722 3220 937 3302 persolvisset,
971 3221 1044 3281 ideo
1077 3221 1143 3302 ipse
1176 3220 1337 3282 Johannes
1362 3220 1502 3301 Baptista

238 3343 353 3389 octavo
378 3327 430 3388 die
455 3347 549 3409 super
575 3347 661 3388 aram
686 3340 795 3388 sancte
820 3326 933 3389 Crucis
957 3327 1059 3408 jurare
1091 3327 1251 3388 tenebitur
1275 3346 1369 3407 super
1394 3346 1444 3404 eo,
1469 3341 1503 3388 ut

238 3435 305 3517 ipse
331 3434 512 3517 predictum
537 3434 682 3495 debitum
710 3435 768 3515 ipsi
794 3433 960 3496 Anthonio
985 3435 1088 3514 jurato
1105 3435 1199 3517 plene
1224 3434 1445 3515 persolvisset;
1462 3436 1501 3497 de

238 3560 303 3622 quo
320 3540 445 3622 judicio
463 3540 604 3621 ipsorum
630 3539 807 3619 juratorum
821 3541 887 3622 ipse
904 3540 1089 3602 Anthonius
1106 3542 1226 3623 juratus
1252 3560 1315 3601 non
1334 3556 1503 3603 contentus

238 3647 413 3728 appellavit
445 3647 581 3707 eandem
614 3665 742 3707 causam
777 3647 808 3706 in
841 3648 1040 3728 presenciam
1072 3648 1235 3709 seniorum
1269 3648 1410 3728 judicum
1443 3668 1502 3730 pro

238 3752 364 3814 meliori
390 3752 643 3834 adjudicatione.

344 3859 421 3920 ltem
447 3879 541 3920 causa
567 3858 733 3921 Michaelis
758 3859 850 3939 jurati
876 3861 958 3921 inter
982 3861 1087 3943 ipsum
1106 3875 1136 3921 et
1161 3861 1242 3922 inter
1268 3860 1388 3922 Lucam
1413 3876 1498 3922 suto·

238 3984 316 4043 rem,
341 3965 491 4047 juratum,
522 3965 712 4027 secundario
738 3966 846 4027 estad
876 3967 1014 4049 primum
1044 3966 1198 4049 judicium
1223 3987 1280 4049 per
1304 3968 1499 4050 peticionem

237 4073 412 4152 proborum
439 4072 580 4133 virorum
606 4072 646 4132 ad
671 4091 783 4154 pacem
808 4088 988 4152 prorogata.

345 4178 422 4239 ltem
448 4179 522 4260 quia
556 4180 622 4261 ipse
657 4180 758 4241 Lucas
790 4195 889 4258 sutor,
914 4179 1046 4260 juratus,
1078 4182 1110 4241 in
1136 4183 1248 4243 eadem
1272 4201 1364 4242 causa
1391 4196 1499 4243 contra

237 4283 397 4366 prefatum
425 4286 616 4348 Michaelem
641 4287 780 4365 juratum
805 4286 901 4348 hodie
919 4307 983 4348 non
1007 4290 1188 4370 comparuit
1212 4310 1269 4351 nec
1286 4309 1344 4372 pro
1368 4310 1401 4351 se
1426 4310 1498 4372 pro·

237 4406 418 4454 curatorem
444 4393 540 4471 misit,
566 4393 640 4454 ideo
659 4395 810 4456 remansit
827 4395 859 4455 in
881 4394 1020 4475 birsagio
1045 4395 1129 4454 sedis
1153 4394 1317 4471 judiciarie
1335 4411 1497 4459 consvet0.

343 4498 421 4559 ltem
438 4500 509 4579 glos
534 4499 630 4561 Blasii
649 4499 728 4561 fabri
747 4514 857 4561 contra
874 4501 978 4582 ipsum
997 4501 1101 4582 primo
1115 4502 1208 4563 citata
1226 4521 1290 4563 non
1309 4505 1497 4584 comparuit.

344 4605 421 4667 ltem
447 4606 580 4667 sabbato
605 4606 749 4687 proxime
783 4607 928 4687 sequenti
953 4607 1095 4668 seniores
1118 4606 1240 4685 judices
1264 4628 1391 4670 causam
1417 4610 1498 4672 inter

237 4708 426 4773 Conradum
444 4710 576 4772 Rawsar
600 4712 759 4772 seniorem
777 4711 916 4791 judicem
934 4727 965 4774 et
981 4714 1146 4775 concivem
1170 4728 1326 4794 nostrum,
1351 4730 1385 4776 ut
1407 4715 1496 4778 tidei-

237 4835 380 4879 ussorem
402 4816 559 4880 Johannis
591 4816 744 4899 Baptiste,
775 4831 806 4880 ct
829 4818 912 4880 inter
943 4818 1143 4883 Anthonium
1176 4834 1317 4885 sutorem
1340 4840 1496 4905 generum
