3464 5266
235 375 299 452 466
449 434 453 445 ,
600 375 686 431 Anno
709 382 797 449 1477.
822 405 865 415 -
889 387 938 447 ¹9·
962 371 1120 430 decembris.

236 585 383 646 rumdam
409 585 639 646 Surmanovicz
675 584 801 644 racione
834 583 1000 643 cuiusdam
1034 582 1228 644 linteaminis
1262 583 1359 664 quod
1401 598 1528 645 contra

237 691 371 751 eandem
398 704 465 752 erat
488 690 718 772 adjudicatum,
742 687 883 771 prelatus
908 687 1021 750 Gallus
1038 688 1115 748 alias
1139 687 1260 768 juratus
1285 689 1444 751 termino
1462 690 1528 752 acl·

237 797 385 858 veniente
409 817 472 857 non
498 797 623 878 juravit.

343 903 420 965 Item
444 923 536 964 causa
564 903 644 963 inter
671 902 811 962 Blasium
841 915 994 962 sartorem
1028 916 1059 962 et
1083 902 1268 984 Philippum
1305 902 1444 988 Dwdey
1471 904 1524 985 ju·

236 1010 294 1070 rati
320 1009 594 1089 adjudicaverunt,
620 1021 653 1069 ut
678 1009 744 1090 ipse
769 1008 888 1089 recepit
912 1021 1052 1068 mustum
1078 1027 1183 1085 suum,
1208 1010 1331 1089 recepit
1359 1028 1443 1071 curn
1469 1010 1523 1091 ju·

236 1116 328 1191 ratis;
354 1116 439 1176 idem
464 1115 637 1196 appellavit
662 1128 734 1174 ante
759 1114 901 1175 seniores
926 1113 1057 1192 judices.

343 1222 419 1282 ltem
453 1222 539 1282 venit
571 1221 668 1281 nostri
702 1220 759 1300 (in)
792 1220 986 1301 presenciam
1029 1220 1210 1280 Anthonius
1242 1218 1330 1281 filius
1367 1221 1519 1283 condam

238 1329 383 1410 Dyonisii
410 1329 505 1405 ribar,
530 1326 624 1389 frater
649 1347 724 1387 vero
756 1327 890 1387 carnalis
921 1327 1005 1387 Luce
1038 1325 1202 1403 carnificis,
1235 1326 1376 1407 ipseque
1404 1328 1517 1409 ipsum

235 1433 362 1496 fratrem
377 1454 469 1494 suum
483 1434 638 1509 amonuit,
652 1452 723 1492 cum
739 1432 864 1510 domus,
877 1432 967 1493 terris
984 1433 1156 1493 arabilibus
1168 1432 1301 1513 ipseque
1316 1432 1518 1495 Anthonius

236 1556 269 1603 ut
294 1542 359 1623 ipse
388 1542 488 1601 lucas
512 1539 607 1600 lrater
630 1559 706 1599 suus
729 1538 844 1599 habeat
876 1552 1063 1620 potestatem
1099 1538 1192 1599 vendi
1218 1551 1249 1598 et
1274 1539 1399 1619 exponi
1427 1559 1515 1621 quo·

235 1666 373 1727 cumque
398 1646 535 1707 voluerit
559 1645 698 1726 disponi.
723 1646 797 1723 (sic).

343 1754 418 1815 ltem
445 1773 537 1814 causa
570 1753 651 1814 inter
684 1753 802 1812 Lucam
837 1752 984 1813 llibaricz
1009 1765 1039 1813 et
1073 1770 1203 1812 uxorem
1239 1750 1338 1813 Blasii
1375 1756 1514 1817 sartoris

238 1862 365 1921 racione
390 1859 551 1941 vituperii,
575 1859 642 1940 ipse
659 1858 754 1919 debet
770 1859 809 1918 ad
832 1858 1007 1919 secundum
1026 1857 1180 1935 judicium
1196 1870 1292 1918 testes
1310 1859 1510 1939 producere.

342 1966 419 2027 ltem
443 1985 537 2027 causa
564 1965 645 2026 inter
670 1963 862 2045 Gregorium
898 1963 1033 2043 juratum
1068 1977 1098 2023 et
1122 1977 1254 2023 matrem
1281 1983 1379 2026 suam
1405 1967 1510 2050 adop·

235 2073 344 2150 rivam,
381 2072 472 2150 jurati
507 2071 782 2150 adjudicaverunt,
814 2070 943 2130 terciam
978 2083 1099 2150 partem
1131 2069 1212 2130 milii
1242 2086 1274 2131 et
1306 2091 1508 2152 porcorum;

235 2178 320 2239 idem
347 2178 521 2259 Gregorius
544 2177 717 2258 appellavit
740 2190 812 2236 ante
837 2176 958 2255 judices
982 2176 1131 2237 seniores.

341 2285 416 2346 ltem
443 2304 536 2346 causa
562 2285 642 2344 inter
668 2284 810 2344 Marcum
829 2281 1009 2344 carnificem
1036 2297 1066 2344 et
1084 2283 1245 2344 Andream
1273 2282 1412 2348 fratrem
1430 2307 1507 2350 con·

235 2394 308 2452 dam
334 2392 382 2452 Ta
402 2442 408 2453 .
427 2388 515 2471 do(?)
541 2391 666 2452 racione
693 2390 858 2451 cuiusdam
883 2390 1018 2471 pecunie
1039 2409 1095 2470 per
1120 2390 1224 2470 ipsum
1251 2391 1405 2454 Marcum
1424 2395 1507 2456 obli·

235 2513 343 2580 gatum
367 2512 399 2562 ¹et
424 2519 481 2578 pro
515 2497 706 2578 quibusdam
732 2497 834 2557 bobus
858 2495 975 2574 eidem,
1000 2496 1065 2577 ipse
1088 2496 1212 2556 Marcus
1244 2496 1344 2559 debet
1378 2501 1507 2563 solvere

236 2607 441 2666 medietatem
469 2605 555 2665 illius
579 2603 713 2685 pecunie
738 2603 795 2685 ipsi
822 2602 958 2663 Andree.

341 2711 417 2770 ltem
446 2711 568 2770 Blasius
592 2723 692 2770 sartor
716 2709 891 2790 appellavit
914 2708 952 2768 ad
975 2707 1234 2789 jurisdiccionem
1259 2709 1409 2773 civitatis
1427 2713 1508 2775 inter

235 2817 434 2877 Anthonium
461 2814 667 2896 lutifigulum.

342 2924 417 2984 ltem
451 2944 542 2983 causa
577 2923 657 2982 iuter
690 2922 822 2981 l'aulum
857 2940 1041 3002 arcuparem
1075 2933 1104 2980 et
1137 2921 1294 2981 iacobum
1329 2922 1507 3007 Contigar,

235 3051 298 3089 non
324 3030 513 3110 comparuit.

341 3137 416 3195 ltem
443 3156 534 3196 causa
561 3136 640 3195 inter
664 3134 836 3194 Matrinum
855 3135 1063 3216 Dwymovicz
1088 3149 1117 3195 et
1143 3135 1314 3196 Nicolaum
1344 3137 1508 3221 Poyeecz,

237 3244 302 3322 ipse
328 3262 391 3301 non
418 3242 605 3322 comparuit.

308 3478 400 3549 Feria
429 3488 523 3549 sexta
554 3483 707 3567 proxima
737 3488 814 3550 ante
844 3481 962 3552 festum
998 3479 1085 3550 beati
1114 3479 1237 3550 Thome
1266 3488 1435 3568 apostoli.

728 3636 790 3708 (19.
814 3634 985 3706 decenrbrr's).

341 3773 416 3834 ltem
443 3793 569 3833 causam
597 3773 687 3849 jurati
721 3773 994 3849 adjudicaverunt,
1020 3792 1144 3832 causam
1164 3772 1261 3832 Marci
1290 3771 1505 3837 Gurakouicz

236 3881 324 3955 jurati
352 3880 425 3939 anni
452 3881 616 3960 presentis,
642 3894 771 3959 propter
797 3878 991 3939 lurticinium
1015 3879 1101 3959 quod
1127 3879 1323 3959 perpetravit
1348 3884 1505 3943 manibus

236 3987 370 4066 propriis
395 4005 467 4045 cum
494 3985 649 4044 lliclraelc
685 3984 873 4064 Naspichicz
906 3986 992 4060 dicti,
1017 3985 1161 4044 similiter
1193 3984 1335 4044 concivis
1362 3988 1504 4048 civitatis

235 4093 374 4172 predicte
410 4093 439 4150 in
473 4091 571 4150 domo
605 4106 633 4150 ct
668 4093 697 4149 in
734 4090 915 4152 ciathisticis
941 4092 970 4150 in
1005 4091 1119 4150 ‹isticis
1150 4089 1317 4150 cuiusdam
1352 4093 1503 4154 mulieris

235 4199 370 4257 condam
404 4199 524 4279 (ilnzya
559 4198 651 4265 dicte,
685 4218 745 4276 que
779 4218 827 4257 res
864 4213 893 4258 ct
926 4199 1009 4257 bona
1043 4197 1127 4271 juxta
1159 4196 1327 4276 privilegia
1360 4199 1503 4260 civitatis

235 4320 340 4364 nostre
365 4304 403 4363 ad
429 4319 490 4363 tres
516 4319 618 4384 partes
643 4304 802 4362 debebant
835 4305 903 4363 cedi
929 4319 959 4364 et
984 4304 1095 4377 dividi,
1120 4303 1222 4384 prima
1247 4303 1402 4366 videlicet
1426 4325 1519 4389 para.

234 4410 272 4468 ad
299 4409 464 4468 ecclesiam
491 4410 636 4481 civitatis,
671 4409 731 4469 alia
765 4410 801 4467 ad
829 4430 994 4491 pauperes,
1027 4410 1122 4470 tercia
1155 4429 1230 4469 vero
1256 4409 1296 4470 ad
1322 4411 1508 4473 util²·····¹'··

234 4517 489 4589 communitatis;
516 4516 587 4575 idco
610 4536 645 4575 ca
671 4516 709 4575 cle
735 4535 827 4576 causa
854 4530 981 4596 propter
1005 4537 1060 4576 sua
1083 4516 1195 4576 merita
1219 4516 1317 4579 debet

235 4621 311 4682 feria
335 4623 430 4682 tercia
456 4622 598 4701 proxima
625 4636 696 4682 ante
731 4622 844 4682 festum
870 4623 1050 4683 Nativitatis
1077 4622 1205 4683 Domini
1232 4636 1264 4685 et

233 4729 376 4789 eiusdem
402 4728 546 4789 civitatis.
574 4728 613 4789 Et
630 4729 704 4808 quia
724 4730 754 4787 in
780 4729 892 4790 eadem
910 4748 1002 4789 causa
1021 4729 1189 4790 videbatur
1205 4726 1263 4791 loll

231 4838 342 4903 naricz
366 4836 463 4925 judex
487 4834 626 4901 civitatis
647 4835 725 4896 anni
745 4835 903 4916 presentia
927 4854 997 4894 esse
1016 4835 1184 4913 culpabilia
1205 4854 1243 4915 pr
