3488 5272
243 338 278 397 16
619 338 705 395 Anno
728 347 817 414 1451.
843 369 883 378 —-
908 349 935 395 1.
952 335 1113 411 sebman'i.

238 552 319 611 ciam
344 551 447 611 facere
472 551 657 631 dignaretur
688 569 723 610 ac
749 548 965 630 dignaremur,
999 549 1137 629 ideoque
1163 549 1228 630 ipse
1260 548 1413 612 dominus
1445 548 1503 611 Se·

239 655 356 717 boldus
381 656 565 738 capitaneus
589 670 619 717 ct
652 654 866 716 communitas
897 653 1038 736 predicta
1065 654 1103 715 ad
1136 653 1318 716 humillime
1342 654 1502 736 supplica·

237 763 340 823 cionis
364 763 553 824 instanciam
574 761 791 844 predictorum
816 761 1056 822 honorabilium
1074 774 1105 822 et
1129 761 1354 839 religiosorum
1379 781 1415 824 ac
1440 760 1503 824 dis·

237 882 398 930 cretarum
423 869 564 930 virorum
598 866 815 929 misericordia
850 866 899 928 dei
926 881 957 929 et
981 867 1126 928 omnium
1160 881 1342 929 sanctorum
1367 886 1498 929 suorum

238 975 328 1054 moti,
342 974 492 1057 predictis
505 972 765 1035 malefactoribus
778 973 873 1034 talem
891 973 1029 1054 graciam
1044 987 1075 1034 et
1088 972 1341 1034 misericordiam
1355 972 1501 1050 fecimus,

240 1094 275 1142 ut
300 1081 359 1163 ipsi
385 1080 465 1142 illesi
492 1096 521 1143 et
546 1080 684 1162 inpuniti
710 1080 748 1141 de
774 1080 900 1141 civitate
925 1080 1047 1140 eteius
1075 1079 1236 1142 territorio
1260 1099 1296 1141 ac
1320 1078 1359 1140 de
1382 1081 1502 1142 tenutis

238 1200 268 1249 et
293 1187 549 1269 possessionibus
573 1187 791 1269 predictorum
823 1186 1030 1248 dominorum
1064 1186 1219 1248 comitum
1248 1186 1333 1247 exire
1364 1186 1504 1249 debeant

239 1308 269 1356 et
294 1313 459 1375 nunquam
494 1293 595 1354 redire
626 1307 656 1354 et
680 1313 780 1375 prope
813 1293 896 1374 ipsas
927 1293 1144 1374 possessiones
1174 1305 1205 1354 et
1235 1306 1344 1354 tenuta
1377 1291 1501 1374 predic-

237 1415 342 1462 torum
368 1399 574 1460 dominorum
600 1399 755 1460 comitum
780 1413 810 1460 et
831 1398 967 1459 civitatis
983 1398 1125 1480 predicte
1150 1397 1180 1458 in
1207 1397 1361 1459 distansia
1386 1397 1497 1459 decem

239 1506 412 1567 miliarium
438 1525 626 1587 permanere
652 1524 715 1566 non
739 1505 858 1567 debent
883 1526 940 1567 nec
958 1525 1171 1588 perseverare,
1194 1505 1248 1586 qui
1273 1506 1299 1566 si
1323 1505 1356 1566 in
1381 1505 1500 1566 tenutis

240 1618 277 1673 et'
287 1612 542 1694 possessionibus
568 1614 708 1693 ipsorum
731 1612 938 1673 dominorum
962 1612 1117 1673 comitum
1135 1625 1166 1673 et
1188 1611 1271 1672 dicte
1296 1611 1433 1673 civitatis
1458 1611 1498 1673 de

238 1733 344 1780 cetero
369 1718 521 1800 repperiri
547 1718 696 1800 poterint,
720 1738 836 1799 penam
861 1737 958 1800 quam
984 1737 1041 1800 pro
1067 1718 1143 1800 ipsis
1167 1717 1232 1778 suis
1256 1716 1422 1779 maleficiis
1446 1716 1502 1779 de·

240 1838 435 1901 meruerunt,
461 1837 708 1904 consequentur.

345 1931 421 1991 ltem
448 1930 523 2012 quia
556 1931 740 1992 Anthonius
771 1950 904 2013 arcupar
936 1931 1039 1992 dictus
1071 1931 1185 2005 lamro,
1215 1930 1349 1990 Paulum
1376 1927 1501 1990 fabrum

238 2038 358 2098 dictum
383 2056 494 2119 sporar
526 2038 619 2098 ralde
648 2036 844 2098 horribiliter
869 2051 899 2099 et
931 2038 1069 2099 maxime
1102 2056 1203 2118 usque
1227 2035 1392 2117 sanguinis
1424 2034 1502 2097 effu·

238 2144 362 2205 sionem
388 2163 459 2205 cum
486 2144 575 2222 ligno
600 2164 655 2205 seu
682 2143 762 2205 fuste
797 2145 986 2222 verberavit,
1010 2145 1041 2205 in
1076 2164 1138 2224 qua
1163 2144 1390 2205 verberatione
1414 2143 1499 2204 idem

239 2250 357 2311 Paulus
372 2250 461 2311 faber
485 2252 536 2311 vix
561 2251 652 2310 vivus
670 2251 831 2328 remansit,
856 2265 951 2333 prout
976 2251 1061 2312 idem
1080 2249 1263 2311 Anthonius
1286 2268 1420 2331 arcupar
1444 2269 1500 2331 per

239 2377 313 2418 eum
346 2357 446 2437 ipsam
479 2357 738 2418 verberacionem
771 2377 866 2438 super
899 2357 1077 2439 predictum
1115 2355 1250 2417 Paulum
1284 2354 1399 2417 factam
1433 2354 1501 2416 fore

238 2482 343 2524 coram
370 2462 480 2543 juratis
505 2478 535 2524 er
552 2463 712 2542 iudicibus
730 2465 910 2525 senioribus
929 2464 1027 2546 ipsius
1052 2464 1187 2525 civitatis
1212 2463 1307 2524 hodie
1333 2461 1502 2542 injudicio

237 2571 364 2652 penitus
389 2569 577 2646 affirmavi13
610 2570 750 2653 ideoque
778 2571 871 2652 jurati
905 2571 1006 2653 ipsam
1032 2590 1159 2632 causant
1193 2570 1269 2631 dicti
1296 2569 1386 2630 Pauli
1420 2567 1501 2630 fabri

238 2696 292 2758 per
317 2677 420 2758 ipsum
447 2691 556 2739 contra
582 2676 760 2759 predictum
786 2677 987 2738 Anthonium
1014 2696 1200 2758 arcuparem
1225 2675 1321 2737 hodie
1340 2675 1500 2738 actitatam

236 2783 341 2843 taliter
365 2783 599 2864 adjudicarunt,
625 2799 658 2846 ut
684 2784 751 2866 ipse
784 2783 969 2845 Anthonius
1002 2803 1136 2865 arcupar
1161 2784 1265 2865 primo
1290 2796 1320 2843 et
1344 2780 1502 2864 principa·

236 2888 308 2949 liter
334 2891 460 2952 medico
486 2892 584 2972 ipsius
610 2891 698 2953 Pauli
726 2891 805 2952 fabri
832 2912 889 2971 pro
920 2891 1089 2952 medicinis
1121 2890 1220 2972 ipsius
1243 2886 1422 2950 satisfacere
1447 2889 1501 2950 de·

237 2998 309 3058 beat
334 3013 364 3058 et
381 2999 524 3079 predicto
550 2998 649 3060 l'anlo
668 2998 758 3061 fabro
784 3019 841 3082 pro
859 3001 923 3060 suis
944 2999 1129 3061 verberibus
1154 3013 1184 3058 et
1208 2997 1395 3058 vulneribus
1411 2996 1500 3056 XXV

236 3123 350 3184 pensas
375 3105 581 3166 denariorum
600 3121 631 3168 et
655 3105 750 3184 judici
770 3127 804 3167 ac
822 3106 931 3184 juratis
956 3105 1040 3183 juxta
1061 3118 1211 3166 contenta
1236 3103 1396 3185 privilegii
1414 3122 1501 3163 com-

239 3210 344 3269 munis
368 3210 622 3273 satisfaccionem
648 3213 774 3275 solitam
801 3213 982 3294 persolvere
1000 3213 1096 3277 debet
1120 3213 1204 3289 juxta
1228 3212 1332 3293 legem
1358 3226 1388 3273 et
1412 3209 1500 3290 justi·

237 3317 318 3376 ciam
345 3317 480 3378 civitatis
503 3334 679 3400 prenotate.

360 3537 395 3607 ln
425 3540 543 3627 vigilia
573 3541 651 3611 festi
682 3540 937 3613 Purificacionis
968 3543 1064 3613 beate
1092 3543 1238 3629 virginis
1268 3540 1382 3611 llarie.

748 3702 761 3772 (
766 3710 791 3755 1.
809 3695 992 3772 srbrrrrrrr‘rf).

346 3831 422 3893 ltem
448 3835 522 3913 quia
550 3836 740 3898 benedictus
772 3838 855 3899 filius
881 3838 1012 3920 Georgii
1043 3840 1082 3902 de
1115 3839 1270 3920 superiori
1296 3839 1501 3918 Lompnycza

239 3936 410 4019 Jurethych
444 3943 699 4020 cognominatus,
733 3945 925 4007 inhabitator
953 3949 1096 4007 suburbii
1120 3947 1255 4007 civitatis
1289 3945 1440 4027 predicte,
1466 3943 1496 4002 in

239 4042 384 4124 pluribus
409 4043 577 4107 furticiniis
602 4064 630 4109 et
656 4053 768 4112 ceteris
792 4051 881 4113 factis
906 4055 970 4113 suis
995 4056 1087 4115 malis
1107 4069 1271 4136 reppertus
1295 4067 1341 4114 est
1366 4064 1499 4126 acer10,

238 4163 368 4230 propter
393 4170 455 4230 que
482 4150 641 4215 furticinia
667 4171 696 4217 et
722 4156 802 4219 farta
821 4179 875 4219 sua
899 4162 981 4220 mala
1008 4163 1038 4221 in
1065 4165 1232 4223 fraternum
1252 4174 1395 4221 nostrum
1414 4177 1500 4219 com·

238 4274 334 4315 mune
360 4256 464 4318 taliter
490 4274 536 4319 est
562 4264 767 4343 proscriptus,
793 4280 826 4325 ut
850 4268 874 4326 si
902 4268 966 4347 ipse
993 4268 1031 4329 cle
1064 4285 1169 4329 cetero
1196 4270 1261 4350 ipsa
1286 4267 1446 4329 furticinia
1472 4279 1503 4326 et

238 4361 299 4422 alia
317 4361 397 4424 facta
423 4384 478 4424 sua
498 4368 580 4427 mala
599 4387 766 4432 renovaret
784 4393 839 4431 seu
855 4391 1061 4455 perpetraret,
1080 4393 1193 4437 extunc
1213 4396 1327 4458 paenam
1353 4373 1501 4457 supplicii

237 4488 334 4549 quam
372 4470 580 4534 demersisset
612 4480 766 4559 consequi
800 4480 979 4553 debuisset;
1018 4501 1046 4545 et
1085 4487 1158 4567 quia
1193 4486 1277 4546 idem
1312 4484 1503 4546 llenedictus

238 4574 412 4661 Jurethych
437 4579 548 4640 eadem
567 4602 622 4642 seu
648 4583 709 4644 hiis
736 4586 853 4647 similia
872 4588 1029 4651 furticiniis
1058 4608 1085 4653 et
1106 4592 1185 4655 facta
1203 4614 1258 4655 sua
1286 4592 1367 4653 rrrrrla
1388 4591 1501 4651 iterum

238 4702 323 4744 nunc
347 4687 513 4747 renovavit
538 4702 567 4748 et
592 4693 779 4753 renovando
809 4695 973 4757 maliciose
1008 4702 1214 4781 perpetravit,
1240 4715 1333 4783 prout
1360 4718 1445 4760 nunc
1471 4698 1501 4758 in

238 4787 359 4850 eisdem
386 4789 556 4855 furticiniis
581 4797 706 4859 notorie
732 4814 762 4861 ct
787 4800 953 4863 manifeste
980 4825 1064 4869 rrurtc
1083 4810 1244 4871 renos-ntis
1269 4823 1315 4871 est
1338 4820 1505 4889 reppertus
