3488 5272
259 329 321 371 220
639 314 735 373 ,Anno
758 312 851 391 1462.
876 349 918 357 —
940 329 993 392 30.
1017 317 1130 390 aprilis.

257 549 352 623 Feria
382 563 478 622 sexta
509 555 662 641 proxima
691 561 769 625 ante
806 556 927 625 festum
965 555 1139 626 beatorum
1170 555 1311 645 Philippi
1342 566 1373 627 et
1402 557 1518 646 Jacobi

532 678 770 766 apostolorum,
800 699 885 751 anno
915 688 976 750 etc.
1007 679 1058 752 LX
1087 682 1241 751 secundo.

784 853 848 929 (30.
873 852 1000 929 aprilis).

363 1010 443 1071 Item
460 1011 533 1071 licet
551 1011 633 1072 inter
649 1011 817 1091 providam
836 1011 1004 1073 mulierem
1031 1011 1192 1073 Cristinna
1212 1026 1356 1073 vocatam
1375 1012 1517 1073 relictam

256 1117 394 1178 condam
421 1116 574 1179 Anthonii
601 1118 694 1179 aliter
719 1119 820 1179 lanko
844 1118 931 1196 dicti,
949 1118 1119 1199 arcuparis‚
1145 1118 1224 1178 olim
1242 1117 1319 1179 civis
1343 1118 1426 1179 dicte
1444 1118 1519 1179 civi·

255 1224 340 1302 tatis,
365 1243 449 1285 nunc
474 1244 550 1285 vero
575 1238 755 1286 consortem
784 1224 905 1285 Mareni
931 1224 970 1285 de
991 1238 1099 1285 sancta
1124 1223 1240 1302 Cruce,
1265 1226 1304 1286 ab
1331 1244 1393 1285 una
1419 1239 1518 1305 parte,

257 1331 296 1390 ab
321 1330 418 1391 altera
443 1350 520 1392 vero
545 1345 632 1413 parte
659 1331 740 1392 inter
757 1330 949 1412 Gregorium
976 1329 1078 1391 filium
1104 1346 1134 1391 et
1158 1332 1324 1413 providam
1352 1332 1517 1391 mulierem

256 1437 419 1499 Dorothea
453 1452 610 1514 vocatam,
642 1437 741 1499 filiam
775 1438 913 1499 condam
946 1437 1072 1519 providi
1105 1437 1237 1519 Georgii
1263 1438 1422 1500 Wrabecz
1447 1458 1517 1520 pro-

255 1546 456 1625 genitorum,
489 1560 636 1627 consorte
669 1565 744 1606 vero
777 1544 891 1626 prelati
924 1545 1061 1606 condam
1095 1544 1250 1606 Anthonii
1288 1547 1449 1626 arcuparis
1481 1565 1516 1606 ex

257 1652 369 1712 eadem
396 1653 533 1713 condam
560 1654 660 1714 Elena
686 1654 794 1714 relicta
820 1654 919 1734 ipsius
943 1653 1080 1714 condam
1107 1651 1239 1732 Georgii
1266 1653 1424 1714 Wrabccz
1445 1673 1518 1734 pro·

257 1758 368 1837 geniti,
386 1759 513 1820 racione
532 1761 691 1820 bonorum
718 1781 754 1821 ac
771 1779 889 1836 rerum,
907 1760 1090 1834 domorum,
1112 1760 1278 1820 vincarum
1304 1779 1339 1820 ac
1362 1774 1516 1820 terrarum

259 1864 428 1925 arabilium
455 1866 641 1926 earumdem
675 1867 816 1946 parcium
848 1869 879 1926 in
913 1866 1025 1927 eadem
1051 1867 1177 1927 civitate
1203 1867 1326 1927 eteius
1357 1867 1517 1926 territorio

254 1990 291 2030 ac
323 1970 401 2031 alias
433 1971 538 2031 ubivis
562 1971 753 2049 habitarum,
786 1973 868 2034 inter
899 1973 1026 2034 easdem
1052 1984 1156 2054 partes
1188 1972 1252 2034 litis
1283 1987 1313 2034 et
1337 1973 1516 2053 questionis

255 2097 290 2138 ac
323 2079 591 2140 controversionis
625 2081 755 2140 materia
789 2099 895 2140 coram
929 2080 1021 2140 nobis
1054 2093 1140 2140 mota
1173 2078 1268 2141 luerit
1292 2095 1322 2140 et
1347 2094 1453 2141 exorta
1488 2093 1517 2139 et

256 2184 458 2264 aliquamdiu
481 2186 645 2262 ventilata,
670 2206 705 2247 ac
737 2201 844 2247 tamen
871 2186 937 2267 ipse
970 2200 1075 2267 partes
1099 2206 1155 2267 per
1186 2185 1461 2267 composicionem
1487 2197 1517 2244 et

255 2290 499 2352 ordinacionem
524 2293 738 2373 plurimorum
765 2295 939 2375 proborum
959 2293 1112 2370 virorum,
1131 2292 1388 2372 idoneorumque
1413 2305 1444 2352 et
1460 2290 1516 2351 bo·

255 2409 419 2458 nestorum
444 2398 483 2458 ad
508 2399 604 2459 talem
630 2399 716 2480 pacis
741 2413 771 2459 et
795 2399 967 2460 concordie
993 2399 1201 2476 devenerunt,
1227 2399 1314 2479 quod
1339 2399 1444 2479 primo
1463 2398 1516 2458 illa

255 2503 313 2563 tria
337 2523 411 2564 vasa
436 2505 501 2564 vini
527 2505 577 2566 hic
603 2507 633 2566 in
661 2505 743 2566 dicta
768 2505 895 2567 civitate
914 2503 1021 2565 habita
1046 2525 1083 2564 ac
1107 2505 1161 2566 ille
1187 2505 1250 2566 due
1274 2518 1356 2566 terre
1382 2504 1517 2565 arabiles

255 2609 286 2670 in
312 2629 426 2692 campo
458 2625 567 2672 nostro
600 2613 630 2672 in
656 2612 784 2672 duobus
815 2613 893 2673 locis
922 2611 1021 2694 ipsius
1052 2612 1189 2672 condam
1222 2612 1375 2672 Jankonis
1399 2611 1516 2688 habite,

255 2717 313 2797 ipsi
340 2717 500 2778 Cristinne
520 2718 627 2779 relicte
654 2719 753 2799 ipsius
777 2719 914 2779 condam
933 2719 1088 2779 lankonis
1109 2718 1270 2800 arcuparis
1287 2718 1453 2779 cessissent
1477 2717 1516 2777 ad

255 2825 454 2903 porcionem,
480 2825 595 2885 domus
620 2845 696 2886 vero
721 2841 843 2887 murata
869 2846 924 2887 seu
958 2826 1052 2887 civile
1078 2826 1177 2906 ipsius
1202 2825 1338 2885 condam
1365 2822 1520 2885 lankonis

255 2930 285 2989 in
312 2930 395 2990 dicta
422 2931 547 2992 civitate
573 2931 680 2993 habita
707 2932 782 3012 ipsis
807 2930 966 3011 Gregorio
995 2930 1062 2992 filio
1087 2946 1118 2993 et
1143 2931 1305 2993 Dorotbee
1330 2930 1393 2991 filie
1419 2931 1517 3010 ipsius

255 3037 392 3098 condam
419 3037 551 3118 Georgii
571 3039 728 3099 Wrabecz
754 3040 919 3100 cessissent
945 3040 974 3098 in
1001 3039 1199 3118 porcionem,
1218 3039 1258 3098 ita
1283 3052 1402 3113 tamen,
1428 3038 1515 3118 quod

255 3139 396 3222 prefatus
421 3143 596 3223 Gregorius
628 3144 712 3204 filius
745 3159 775 3206 et
801 3145 962 3207 Dorothea
996 3144 1059 3204 lilia
1090 3145 1189 3225 ipsius
1222 3144 1358 3205 condam
1386 3142 1518 3222 Georgii

256 3247 416 3309 Wrabecz
441 3252 585 3331 quinque
611 3251 678 3311 flor.
709 3252 776 3311 auri
810 3252 946 3312 Nicolao
979 3251 1046 3311 filio
1071 3252 1169 3331 ipsius
1203 3251 1338 3311 condam
1364 3250 1519 3310 lankonis

255 3356 416 3433 arcuparis
441 3358 566 3416 racione
592 3377 647 3416 sue
673 3358 834 3438 porcionis
867 3358 940 3417 dare
975 3358 1179 3433 tenebuntur,
1204 3371 1235 3418 et
1268 3356 1355 3437 quod
1381 3355 1518 3436 (h)ortus

255 3460 353 3541 ipsius
377 3462 513 3523 condam
534 3464 686 3523 Anthonii
713 3465 874 3543 arcuparis
899 3465 929 3523 in
948 3464 1103 3524 suburbio
1130 3464 1212 3523 dicte
1231 3465 1366 3524 civitatis
1390 3462 1516 3522 habitus

257 3566 314 3648 ipsi
341 3568 476 3628 Nicolao
494 3570 585 3630 cessit
602 3571 748 3630 similiter
766 3571 795 3630 in
822 3571 1027 3651 porcionem
1053 3585 1083 3631 ct
1100 3571 1187 3650 quod
1208 3571 1273 3651 ipse
1292 3571 1386 3629 ambe
1412 3583 1516 3650 partes

254 3691 349 3753 super
367 3676 528 3753 premissis
547 3677 639 3736 bonis
656 3677 834 3736 alternatim
851 3677 975 3756 quietas
993 3676 1207 3738 reddidissent
1223 3691 1253 3736 et
1270 3677 1434 3757 expeditas
1458 3677 1513 3737 tali

256 3778 463 3858 obligaminis
495 3781 626 3842 vinculo
659 3783 831 3859 mediante,
863 3783 949 3863 quod
983 3802 1186 3862 quecumque
1215 3784 1356 3862 parcium
1392 3783 1422 3842 in
1448 3803 1516 3864 pre-

255 3885 359 3945 missis
384 3902 522 3967 prestare
547 3889 648 3948 noliet
672 3902 702 3949 et
727 3890 913 3970 premissam
932 3888 1175 3949 ordinacionem
1201 3889 1416 3969 predictorum
1444 3907 1514 3968 pro·

256 3994 370 4053 borum
397 3995 537 4054 virorum
567 3996 701 4055 violaret
732 4015 787 4056 seu
822 3994 1008 4075 infringeret
1041 4009 1156 4055 extunc
1183 3995 1254 4055 talis
1287 4016 1358 4075 pars
1383 3996 1412 4055 in
1448 4015 1514 4076 pre—

255 4100 359 4161 missis
383 4120 447 4161 non
473 4102 644 4182 persistens
668 4117 697 4161 et
722 4101 838 4162 dictam
856 4101 1098 4161 ordinacionem
1118 4100 1305 4179 infringens,
1331 4116 1439 4160 contra
1458 4120 1516 4161 nos

255 4220 285 4268 et
309 4220 408 4268 totam
432 4207 695 4268 communitatem
725 4207 808 4268 dicte
839 4208 974 4268 civitatis
1000 4208 1030 4267 in
1064 4207 1298 4288 quinquaginta
1325 4208 1438 4268 marcis
1462 4208 1501 4269 de

255 4313 417 4374 uariorum
444 4314 603 4374 usualium
630 4334 687 4395 pro
711 4328 855 4395 ternpore
889 4315 1089 4374 currencium
1116 4314 1360 4374 convinceretur
1386 4328 1416 4375 et
1440 4335 1513 4375 con·

255 4417 335 4478 victa
361 4418 529 4479 habebitur
554 4419 623 4500 ipso
649 4418 742 4480 facto.

361 4543 438 4605 Item
465 4544 698 4624 proclamatum
721 4558 766 4604 est
790 4543 892 4625 prima
918 4543 986 4603 vice
1011 4563 1106 4624 super
1131 4542 1231 4605 fundo
1257 4558 1286 4604 et
1311 4544 1409 4604 domo
1439 4563 1514 4604 con·

254 4649 328 4710 dam
353 4648 506 4731 Stephani
531 4650 648 4711 sutoris
672 4649 811 4710 Kundelt
835 4649 911 4710 dicti
945 4649 976 4709 in
1002 4650 1073 4709 vico
1105 4649 1252 4711 exteriori
1277 4670 1333 4712 seu
1359 4651 1513 4711 suburbio

255 4754 338 4817 dicte
364 4756 510 4837 civitatis,
541 4757 566 4817 ai
592 4757 664 4837 quis
695 4757 803 4838 aliqua
828 4756 896 4838 jura
927 4775 1022 4838 super
1046 4756 1159 4817 eadem
1193 4755 1335 4835 haberet,
1359 4756 1515 4839 producat
