3488 5272
643 321 728 377 Anno
753 314 846 396 1466.
872 352 912 360 —
936 332 967 394 4.
985 317 1070 393 julii.
1428 330 1488 393 297

227 535 347 612 judicio
372 535 548 615 juratorum
575 533 640 612 ipse
660 531 813 592 Nicolaus
837 543 937 589 sartor
958 548 1022 588 non
1041 543 1210 589 contentus
1234 527 1264 586 in
1291 527 1487 608 presenciam

226 643 388 702 seniorum
415 639 589 721 appellavit
614 638 767 718 judicum.

332 747 408 808 ltem
434 765 561 806 causam
596 745 677 804 inter
709 742 871 803 'l'homam
906 741 1038 801 Cheden
1064 755 1095 801 ct
1129 739 1318 801 llichaelem
1344 740 1488 801 baccula·
1574 788 1575 793 ,

226 855 307 914 rium
333 852 425 931 jurati
452 864 704 933 prorogaverunt
729 869 829 928 usque
848 848 987 928 primum
1011 847 1178 925 judicium,
1203 862 1235 909 ut
1255 848 1318 929 ipse
1344 848 1489 908 Thomas

225 960 358 1021 Cheden
385 973 479 1019 testes
505 957 681 1039 producere
707 956 877 1031 tenebitur,
903 975 984 1034 quos
1009 969 1118 1014 contra
1145 955 1248 1034 ipsum
1275 955 1486 1013 baccalarium

225 1066 402 1149 producere
428 1066 607 1147 assumpsit.

454 1305 600 1373 Sabbato
629 1305 783 1390 proximo
813 1310 891 1371 ante
920 1302 1040 1372 testum
1069 1300 1263 1370 Trinitatis.

766 1460 830 1533 (51.
855 1455 952 1531 narei).

333 1598 408 1658 ltem
441 1598 582 1658 seniores
607 1597 728 1675 iudices
760 1597 842 1656 dicte
878 1597 1024 1672 civitatis,
1056 1615 1182 1656 causam
1217 1595 1334 1655 nobilis
1358 1595 1489 1655 domine

227 1703 351 1784 Agatha
370 1719 490 1779 vocate,
509 1704 617 1764 relicte
636 1703 774 1762 condam
793 1703 912 1762 Matbie
930 1702 1166 1783 lx'nnoberyeb‚
1182 1702 1489 1782 supranominatam,

230 1811 358 1870 racione
391 1809 559 1885 juramenti
585 1810 643 1868 sibi
677 1809 808 1868 domine
841 1809 975 1869 solemet
1008 1829 1064 1890 per
1096 1808 1214 1883 juratos
1240 1809 1321 1869 dicte
1356 1808 1490 1869 civitatis

230 1915 415 1993 adjudicati,
440 1916 581 1975 seniores
606 1915 726 1993 judices
743 1916 847 1976 taliter
865 1917 1067 1991 invenerunt,
1086 1916 1172 1995 quod
1199 1915 1252 1974 illa
1271 1915 1490 1993 juramentalis

226 2022 391 2103 deposicio
417 2023 544 2081 racione
570 2041 780 2102 expensarum
805 2037 834 2082 et
854 2021 1022 2100 fatigatum
1048 2022 1107 2081 sibi
1134 2021 1313 2097 adjudicata
1340 2020 1404 2081 lieri
1425 2042 1489 2080 non

225 2143 339 2210 potest,
371 2147 541 2209 quousque
574 2125 672 2209 ipsius
704 2129 890 2209 prosecutio
916 2127 1013 2188 debiti
1042 2129 1182 2208 ipsorum
1218 2128 1355 2188 duorum
1389 2147 1489 2208 equo-

228 2254 298 2293 rum
323 2234 411 2315 prius
435 2253 499 2293 non
526 2235 807 2309 determinabitur3
841 2235 1054 2313 juramentum
1082 2254 1156 2293 vero
1182 2234 1268 2313 quod
1294 2249 1359 2293 erat
1384 2234 1488 2293 eidem

226 2338 445 2417 adjudicatum
470 2340 616 2400 similiter
647 2340 775 2400 solimet
810 2341 939 2400 racione
974 2340 1049 2400 dicti
1083 2340 1192 2417 debiti,
1217 2340 1304 2420 quod
1331 2360 1387 2399 nec
1413 2342 1490 2422 ipsa,

225 2447 278 2507 sed
305 2466 363 2507 nec
389 2447 456 2526 ipse
483 2446 618 2507 Matthias
644 2447 690 2506 vir
711 2446 853 2506 eiusdem
880 2448 918 2506 ab
944 2446 1058 2506 eodem
1078 2447 1212 2507 Nicolao
1237 2445 1398 2507 aurifabro
1416 2466 1486 2527 per·

226 2553 384 2635 cepissent
410 2553 532 2613 nullam
557 2553 757 2613 solucionem
784 2554 842 2612 nisi
869 2553 973 2612 solum
996 2553 1088 2612 illum
1115 2572 1214 2613 unum
1240 2552 1310 2614 flor.
1335 2554 1415 2629 auri,
1434 2554 1487 2632 qui

226 2659 371 2741 superius
395 2658 595 2740 specificatus
625 2674 681 2736 est,
714 2660 918 2741 percepisset,
951 2674 980 2719 et
1009 2660 1084 2739 quia
1119 2659 1176 2740 ipsi
1203 2660 1345 2719 seniores
1370 2658 1491 2735 iudices

230 2767 313 2826 dicte
337 2766 473 2826 civitatis
499 2766 556 2846 ipsi
582 2765 711 2825 domine
738 2765 952 2842 iuramentum
972 2766 1134 2826 terciemet
1152 2766 1295 2846 personis
1319 2766 1377 2825 sibi
1403 2765 1489 2824 simi-

226 2871 310 2931 libus
334 2887 364 2932 et
390 2872 554 2932 nobilibus
578 2872 707 2932 terciam
745 2871 855 2932 leriam
889 2873 1066 2953 proximam
1100 2888 1170 2953 post
1196 2872 1309 2932 festum
1336 2872 1491 2954 Corporis

227 2977 345 3038 Christi
378 2977 583 3059 prestandum
611 2979 641 3037 in
676 2999 728 3038 ara
761 2993 867 3038 sancte
900 2978 1025 3055 Crucis,
1058 2979 1145 3058 quod
1180 2999 1236 3038 nec
1262 2980 1327 3059 ipsa
1352 2979 1407 3038 setl
1433 2999 1489 3038 nec

227 3085 293 3165 ipse
318 3085 455 3144 condam
483 3085 618 3145 blathias
643 3085 689 3144 vir
715 3085 859 3144 eiusdem
877 3086 916 3144 ab
944 3085 1057 3145 eodem
1084 3085 1221 3145 condam
1248 3086 1383 3146 Nicolao
1407 3087 1488 3145 auri-

226 3188 315 3250 fabro
341 3191 385 3250 nil
412 3192 460 3252 rel
486 3191 650 3251 modicum
678 3193 708 3251 in
734 3206 852 3252 sortem
872 3192 1048 3252 solucionis
1066 3193 1207 3271 ipsorum
1235 3193 1372 3252 duorum
1391 3213 1489 3272 equo-

226 3317 296 3357 rum
323 3297 549 3378 percepissent,
567 3312 671 3378 preter
686 3298 775 3358 illum
794 3318 894 3359 unum
913 3299 992 3376 tlon,
1012 3299 1065 3379 qui
1092 3300 1196 3359 eidem
1217 3298 1275 3360 luit
1292 3300 1489 3380 propinatus.

336 3403 412 3464 ltem
438 3423 565 3465 causam
590 3405 714 3465 Nicolai
749 3405 878 3465 sartoris
906 3406 1034 3465 racione
1067 3406 1231 3465 cuiusdam
1257 3420 1338 3466 terre
1363 3426 1419 3486 per
1444 3405 1489 3479 iu·

225 3524 312 3570 ratos
336 3509 550 3589 adjudicatam
578 3527 608 3572 et
633 3511 847 3589 juramentum
880 3513 939 3573 sibi
959 3512 1177 3594 prestandum,
1203 3513 1344 3573 seniores
1369 3512 1490 3591 iudices

225 3616 455 3679 confirmarunt
479 3632 509 3678 et
538 3620 767 3699 approbarunt.

227 3851 322 3925 lesia
350 3865 447 3925 sexta
476 3859 630 3943 proxima
656 3867 731 3944 post
760 3858 884 3928 testum
914 3857 1132 3930 visitacionis
1162 3861 1304 3947 virginis
1333 3861 1487 3946 gloriose.

768 4010 814 4089 (ᾳ.
837 4010 940 4091 Jirlr'e).

334 4150 412 4212 ltem
438 4152 556 4212 nobilis
588 4150 720 4212 domina
753 4152 876 4232 Agatha
908 4168 1031 4229 vocata,
1064 4154 1171 4214 relicta
1204 4155 1340 4214 condam
1369 4154 1487 4216 llatlrie

229 4257 453 4340 Kn'noberych
479 4258 518 4319 de
551 4258 757 4335 Adamon'cz‚
790 4259 950 4320 districtus
983 4261 1020 4320 de
1049 4261 1239 4337 blaron'cha,
1274 4261 1487 4333 iuramentum

225 4362 285 4424 sibi
300 4382 356 4444 per
372 4365 513 4425 seniores
531 4363 652 4442 judices
665 4364 748 4426 dicte
766 4366 901 4426 civitatis
915 4365 990 4427 feria
1010 4369 1103 4428 tercia
1118 4369 1262 4449 proxima
1279 4382 1351 4428 ante
1370 4366 1485 4429 festum

228 4469 312 4530 beati
338 4469 482 4532 Barnabe
500 4471 649 4550 apostoli,
674 4472 818 4552 proxime
836 4486 1016 4543 venturum,
1034 4475 1195 4534 terciemet
1213 4475 1357 4555 personis
1382 4475 1486 4535 domi·

226 4575 328 4635 nebus
352 4575 517 4636 nobilibus
543 4576 572 4636 in
592 4596 644 4636 ara
669 4591 777 4638 sancte
803 4576 916 4638 Crucis
941 4579 970 4637 in
990 4580 1122 4639 ecclesia
1140 4580 1239 4639 sancti
1266 4581 1363 4640 llarci
1382 4600 1488 4640 enan·

223 4679 348 4757 geliste,
373 4681 404 4741 in
430 4700 469 4742 eo
494 4681 655 4759 videlicet,
680 4682 768 4764 quod
794 4702 851 4745 nec
874 4684 939 4765 ipsa
964 4683 1094 4746 domina
1114 4685 1237 4765 Agatha
1261 4685 1317 4746 sed
1343 4706 1402 4748 nec
1420 4687 1488 4767 ipse

223 4784 361 4851 condem
385 4787 523 4853 Matthiae
548 4788 773 4874 Kwnoberych
801 4790 954 4853 dominus
978 4807 1008 4853 et
1041 4792 1174 4855 maritus
1199 4791 1356 4873 eiusdem,
1381 4793 1487 4859 nullas
