3488 5272
649 288 849 370 Ann01461.
875 324 914 336 -
940 286 970 352 6.
994 293 1103 353 martii.

708 501 827 562 Paulus
851 500 1042 584 Jagechych.

711 607 844 690 Mykula
867 621 965 671 sutor.

711 714 830 775 Paulus
854 714 1041 797 Jagathych.

712 821 777 903 llya
800 840 942 900 zvvonar,
966 840 1193 904 campanarum
1218 820 1314 889 lusor.

711 927 889 1009 Gregorius
911 941 1011 991 sutor.

712 1033 860 1117 Mathyas
882 1035 1119 1117 panczerarius.

706 1141 869 1204 Johannes
892 1141 1064 1204 Werchek.

708 1248 893 1311 Anthonius
917 1247 1131 1331 Thermsycb.

707 1352 871 1416 lohannes
897 1366 996 1416 sutor.

350 1495 428 1557 ltem
452 1495 566 1579 prelati
589 1495 773 1558 Anthonius
790 1495 886 1576 judex
910 1509 942 1557 et
957 1495 1050 1576 jurati
1075 1515 1110 1558 ac
1131 1496 1307 1558 consiliarii
1332 1515 1404 1559 curn
1431 1516 1506 1558 con-

243 1621 338 1663 sensu
362 1615 393 1664 et
418 1603 643 1664 commissione
668 1602 814 1664 unanimi
839 1621 874 1664 ac
891 1602 1044 1664 concordi
1069 1602 1234 1664 voluntate
1258 1616 1289 1664 et
1312 1603 1441 1665 decreto
1459 1616 1507 1665 to·

244 1707 312 1768 cius
336 1709 586 1787 communitatis,
611 1709 721 1770 omnia
746 1708 871 1770 decreta
896 1722 927 1769 et
942 1721 1058 1770 statuta
1089 1722 1154 1770 tam
1180 1709 1212 1770 in
1237 1710 1375 1791 presenti
1407 1729 1507 1791 quam

243 1814 275 1874 in
300 1813 441 1895 antiquis
465 1814 604 1876 katernis
635 1815 750 1876 nostris
774 1827 923 1876 contenta
948 1827 980 1875 et
1003 1815 1137 1896 scripta,
1170 1818 1278 1896 quoad
1309 1834 1428 1877 omnes
1459 1835 1507 1876 ar·

242 1919 359 1981 ticulos
383 1933 413 1981 et
437 1934 554 2002 puncta
579 1941 615 1982 ac
639 1920 799 1982 clausulas
823 1920 1011 1982 eorumdem
1030 1934 1221 1983 statutorum
1246 1934 1277 1982 et
1301 1920 1505 1983 decretorum

241 2044 299 2107 per
315 2038 418 2087 totum
436 2045 557 2087 annum
574 2027 730 2108 presentis
746 2026 905 2107 judicatus
921 2027 1020 2109 ipsius
1037 2027 1192 2088 Anthonii
1210 2027 1325 2108 judicis
1343 2040 1374 2089 et
1395 2046 1506 2089 conse·

242 2144 378 2212 quenter
401 2146 432 2192 et
463 2131 615 2214 deinceps
645 2132 713 2213 jure
745 2146 900 2214 perpetuo
930 2146 961 2193 et
993 2132 1244 2195 irrevocabiliter
1276 2130 1506 2194 confirmarunt

242 2257 369 2320 semper
392 2239 526 2300 valitura
551 2253 582 2300 et
605 2238 738 2300 firmiter
761 2238 970 2301 observanda.

350 2344 427 2406 ltem
445 2345 558 2407 eadem
572 2344 649 2406 leria
666 2344 762 2406 tercia
780 2357 852 2426 post
866 2344 1040 2426 predictam
1059 2345 1256 2407 dominicam
1274 2345 1505 2422 Reminiscere,

243 2448 429 2512 Anthonius
453 2466 552 2530 sutor,
576 2451 707 2531 juratus,
722 2451 805 2512 clare
830 2452 1053 2533 comprobavit
1075 2470 1182 2513 coram
1208 2452 1311 2530 nobis,
1336 2450 1504 2533 quomodo

243 2557 309 2638 ipse
335 2571 380 2619 est
404 2577 499 2619 verus
523 2571 554 2619 et
578 2557 754 2638 legittimus
778 2569 928 2618 executor
952 2570 983 2619 et
999 2557 1237 2618 commissarius
1261 2556 1399 2619 condam
1425 2556 1503 2619 Gre-

241 2664 324 2743 gorii
350 2663 543 2725 Schwchecz
567 2663 709 2725 concivis
733 2663 843 2742 nostri,
868 2663 942 2725 ideo
967 2684 1025 2725 nos
1042 2663 1141 2725 modo
1167 2663 1305 2725 eundern
1331 2661 1499 2726 confirma-

242 2770 347 2830 vimus
372 2771 402 2831 in
429 2784 631 2832 executorem
655 2770 836 2832 testamenti
860 2767 973 2852 prelati
1000 2769 1148 2851 Gregorii
1174 2770 1331 2831 Scwcecz.

464 2970 558 3041 Feria
587 2980 684 3042 sexta
713 2980 788 3060 post
817 2973 1018 3042 dominicam
1047 2969 1282 3042 Reminiscere.

775 3121 819 3200 (ό.
843 3126 963 3202 marta).

348 3264 425 3325 ltem
450 3265 561 3325 Petrus
585 3278 686 3326 sartor
711 3264 829 3325 Pulzalr
855 3264 967 3342 dictus,
992 3278 1101 3326 contra
1127 3266 1318 3348 Dyonisium
1344 3280 1497 3326 sartorem

240 3372 345 3453 primo
371 3371 483 3432 citatus
507 3387 537 3431 et
549 3371 662 3453 petivit
686 3371 858 3431 terminum
877 3370 953 3451 juris
977 3370 1062 3451 juxta
1080 3372 1344 3432 consvetudinem
1363 3371 1499 3432 civitatis

240 3475 372 3560 prefate.

347 3584 424 3644 ltem
443 3583 574 3664 quidam
594 3582 755 3644 lohannes
779 3596 880 3644 sartor
898 3582 983 3643 filius
999 3584 1125 3645 Nicolai
1152 3584 1303 3660 cecilia,
1329 3584 1407 3644 alias
1424 3584 1502 3646 civis

239 3689 321 3751 dicte
347 3690 483 3750 civitatis
509 3690 661 3771 predicte,
692 3689 778 3769 apud
811 3709 907 3770 quern
941 3706 1064 3772 reperta
1090 3690 1148 3752 luit
1174 3690 1251 3751 falsa
1284 3692 1438 3771 peccunia
1471 3706 1501 3752 et

239 3797 314 3878 quia
341 3797 408 3877 ipse
441 3796 603 3857 lohannes
637 3795 751 3856 furtive
784 3796 912 3857 recessit
942 3795 982 3857 de
1016 3797 1081 3878 ipsa
1114 3797 1241 3857 civitate
1266 3797 1392 3857 racione
1419 3797 1500 3858 dicte

240 3901 316 3963 salse
344 3902 497 3983 peccunia
522 3902 626 3963 adhuc
649 3917 794 3983 tempore
820 3901 978 3981 judicatus
995 3903 1119 3984 providi
1146 3917 1176 3963 et
1203 3904 1423 3984 circumspecti
1442 3904 1499 3964 viri

238 4008 393 4070 Johannis
418 4007 590 4089 l'erovvych
616 4008 665 4068 sui
694 4007 825 4068 secundi
858 4007 1026 4087 judicatus,
1051 4022 1081 4068 et
1113 4006 1170 4069 luit
1196 4009 1412 4090 proclamatus
1438 4029 1496 4090 pu·

238 4115 320 4177 blice
338 4129 371 4175 ut
388 4115 526 4175 venisset
542 4113 580 4174 ad
599 4113 753 4192 judicium
772 4126 801 4174 et
821 4134 853 4172 se
878 4114 1094 4174 excusandum
1113 4134 1147 4173 ac
1165 4112 1396 4175 fideiussorianr
1422 4135 1498 4176 cau·

238 4221 363 4282 cionem
382 4220 420 4282 de
437 4240 470 4280 se
487 4219 724 4301 deponendam,
748 4219 802 4299 qui
821 4219 953 4279 minime
971 4218 1044 4281 lecit
1068 4233 1098 4279 et
1115 4221 1247 4280 minime
1265 4221 1397 4298 curavit,
1423 4221 1496 4281 ideo

239 4339 394 4387 venerunt
419 4325 580 4387 debitores
597 4324 741 4386 eiusdem
767 4323 921 4385 iohannis
938 4326 1036 4386 nostri
1056 4326 1086 4385 in
1106 4326 1314 4406 presenciam,
1340 4327 1498 4408 nobisque

238 4452 275 4493 ex
301 4446 388 4513 parte
415 4430 557 4492 eiusdem
576 4431 733 4509 justiciam
760 4430 819 4492 sibi
847 4430 921 4512 ipsis
939 4431 1117 4491 ministrare
1135 4431 1351 4512 postulantes;
1377 4448 1406 4493 et
1424 4434 1497 4513 quia

239 4539 335 4599 iidem
362 4538 524 4599 debitores
548 4537 578 4598 id
605 4538 855 4617 comprobarunt
872 4555 978 4597 coram
1000 4537 1093 4596 nobis
1119 4537 1184 4617 ipsa
1210 4537 1315 4597 debita
1342 4538 1417 4618 ipsis
1443 4540 1495 4599 de·

241 4644 359 4722 benda,
384 4643 458 4705 ideo
483 4663 541 4704 nos
565 4643 684 4704 eisdem
711 4641 912 4705 debitoribus
928 4640 1117 4704 admisimus
1142 4643 1242 4724 ipsam
1261 4642 1394 4705 domum
1422 4666 1496 4706 vcn-

238 4749 334 4814 dendi
361 4749 495 4812 liberam
519 4747 715 4814 facultatem.
