3488 5272
651 302 737 361 Atino
762 314 850 380 1474.
875 338 918 348 —
943 320 988 366 rr.
1012 304 1127 367 martii.

1122 414 1528 427 --—.-—-„—„

679 513 796 574 Paulus
820 514 1061 580 Fodricheuicz.

678 620 845 702 Philippus
870 621 1039 685 aurifaber.

678 727 858 808 Stephanus
882 729 1053 794 Breffaacz.

676 833 779 894 Lucas
803 835 969 919 llibarycz.

677 938 853 1020 Gregorius
878 942 1124 1027 Bekarychiche.

676 1047 813 1109 lacobus
837 1050 1058 1113 Petkouichin.

672 1154 793 1235 Symon
820 1156 988 1218 Wkanicz.

676 1262 787 1322 Petrus
816 1262 985 1326 Wkanicz.

676 1369 832 1430 Martinus
857 1369 1084 1434 Francheuicz.

675 1476 819 1536 Andreas
848 1477 1001 1558 bursipar.

674 1583 812 1643 lacobus
835 1602 955 1663 sporar.

674 1687 819 1771 Mathyas
843 1687 940 1751 faber.

674 1794 849 1875 Gregorius
874 1797 1044 1879 Maheyny.

361 1903 436 1964 Item
461 1902 573 1985 prelati
593 1901 755 1962 lohannes
779 1901 873 1981 judex
899 1918 929 1963 et
954 1902 1045 1983 jurati
1074 1916 1106 1965 et
1136 1904 1311 1965 consiliarii
1340 1924 1415 1967 curn
1439 1924 1516 1967 con·

249 2028 343 2070 sensu
368 2026 397 2071 et
422 2010 646 2070 commissione
679 2009 822 2068 unanimi
857 2022 886 2068 et
920 2010 1070 2070 concordi
1101 2010 1288 2092 volunptate
1320 2024 1353 2073 et
1383 2010 1515 2073 decreto

248 2115 350 2175 tocius
375 2115 613 2175 communitatis
639 2114 747 2174 omnia
778 2114 914 2191 decreta,
939 2129 1053 2176 statuta
1079 2130 1143 2177 tam
1169 2116 1200 2177 in
1225 2116 1365 2197 presenti
1389 2128 1456 2177 tam
1481 2116 1514 2179 in

248 2221 387 2300 antiquis
411 2221 568 2282 cathernis
596 2221 711 2282 nostris
733 2235 880 2282 contenta
906 2235 935 2282 et
960 2223 1148 2304 conscripta,
1171 2222 1279 2304 quoad
1300 2242 1415 2285 omnes
1439 2224 1513 2285 arti·

248 2326 338 2386 culos
362 2340 392 2386 et
425 2343 540 2407 puncta
567 2343 595 2388 et
621 2327 779 2387 clausulas
805 2327 992 2387 eorumdem
1021 2342 1210 2389 statutorum
1242 2343 1273 2390 et
1305 2328 1509 2392 decretorum

247 2451 302 2511 per
326 2446 428 2492 totum
447 2452 566 2493 arrisum
585 2434 738 2513 presentis
761 2432 918 2512 judicatus
944 2434 1042 2515 ipsius
1067 2435 1222 2496 Johannis
1245 2434 1360 2515 judicis
1384 2450 1417 2498 et
1434 2455 1512 2498 con·

246 2554 416 2618 sequenter
440 2553 469 2599 et
494 2539 643 2619 deinceps
668 2539 734 2619 iure
767 2555 922 2621 perpetuo
947 2554 977 2600 et
1007 2540 1255 2602 irrevocabiliter
1278 2540 1512 2605 confirmarunt

245 2663 370 2724 semper
395 2645 529 2705 valitura
555 2658 584 2704 et
609 2644 740 2705 tirmiter
764 2647 972 2707 obseruanda.

343 2830 437 2903 Feria
466 2842 562 2904 sexta
592 2833 743 2922 proxima
774 2843 850 2904 ante
871 2834 992 2904 lestum
1021 2832 1110 2903 beati
1140 2834 1290 2921 Gregorii
1320 2854 1414 2923 pape.

772 2972 831 3045 (ll.
856 2971 977 3039 nunni),

351 3093 427 3153 ltem
455 3093 614 3153 Fabianus
640 3093 765 3153 Charen
793 3108 900 3153 contra
928 3092 1190 3152 llartholomeum
1217 3091 1256 3152 de
1280 3090 1352 3152 vico
1378 3092 1508 3154 Latino·

245 3217 314 3257 rum
340 3198 378 3257 ad
407 3198 560 3275 judicium
587 3200 691 3279 primo
716 3214 761 3259 est
786 3199 908 3259 citatus.

350 3304 426 3363 ltem
453 3325 544 3364 causa
571 3325 633 3383 que
659 3307 847 3365 movebatur
881 3306 960 3364 iuter
986 3304 1192 3364 Valentinum
1219 3303 1337 3384 Sporar
1363 3317 1396 3364 ut
1420 3317 1507 3366 acto·

244 3429 321 3487 rem,
347 3412 386 3469 ab
413 3430 485 3487 una,
519 3426 548 3469 et
575 3411 770 3490 Stephanum
806 3411 982 3470 institorem
1017 3410 1218 3491 Stephanecz
1243 3409 1375 3487 dictum,
1408 3422 1443 3471 ut
1476 3411 1507 3471 in

244 3535 369 3575 causam
392 3530 557 3576 attractum
574 3517 701 3576 racione
716 3517 882 3577 cuiusdam
896 3517 1046 3577 stacionis
1060 3537 1114 3598 per
1127 3515 1285 3597 prelatum
1297 3515 1505 3579 Valentinum

243 3642 353 3701 sporar
377 3644 393 3681 a
420 3621 541 3702 prelato
561 3622 723 3703 Stephano
743 3624 884 3683 institute
909 3624 1105 3703 aprecintum
1124 3638 1153 3683 et
1171 3643 1225 3703 per
1245 3623 1347 3702 ipsum
1368 3622 1504 3704 Stepha-

243 3748 319 3788 num
336 3730 374 3788 de
390 3728 508 3809 prelata
523 3730 662 3789 stacione
674 3728 947 3810 danapnilicaturn‚
961 3749 1015 3810 per
1029 3728 1149 3808 jndices
1164 3742 1209 3789 est
1223 3727 1453 3805 adjudicatum,
1469 3743 1502 3789 ut

243 3836 346 3895 dictus
365 3836 553 3895 Valentinus
579 3836 696 3915 Sporar
714 3835 789 3896 l'eria
807 3852 891 3895 sexta
911 3836 1054 3916 proxima
1073 3848 1143 3915 post
1162 3835 1356 3894 dominicam
1383 3832 1499 3906 Quasi·

245 3943 343 4002 modo
368 3944 467 4021 geniti
497 3962 591 4022 super
614 3943 706 4002 dictis
737 3943 885 4012 dampnis
917 3943 1130 4022 juramentum
1169 3940 1329 4021 deponere
1360 3940 1502 4002 deberet.

348 4050 424 4109 ltern
450 4070 544 4109 causa
577 4068 639 4128 que
673 4050 862 4109 movebatur
895 4050 975 4110 inter
1000 4048 1178 4109 iohannem
1205 4047 1359 4108 Perouiez
1394 4060 1428 4107 ut
1453 4067 1503 4107 ac·

240 4168 353 4231 torem,
377 4158 416 4215 ab
442 4176 515 4232 una,
542 4171 569 4215 et
597 4154 749 4216 blachiam
776 4172 916 4216 sutorem
942 4171 975 4216 ut
1001 4157 1030 4216 iu
1057 4175 1183 4215 causam
1210 4167 1389 4229 attractum,
1406 4173 1503 4234 super

240 4260 419 4339 delusione,
444 4263 584 4322 trusione
608 4264 743 4323 condam
771 4260 894 4342 Agathe
913 4263 1027 4323 ancille
1053 4282 1088 4322 ac
1116 4261 1287 4322 servitricis
1311 4258 1423 4343 prefati
1449 4260 1500 4320 Jo-

240 4365 353 4425 hannis
378 4368 541 4447 l‘erouicz,
568 4390 622 4449 per
647 4370 766 4448 juratus
791 4384 836 4428 est
857 4367 1048 4445 adjudicata,
1074 4383 1107 4428 ut
1132 4368 1234 4429 dictus
1260 4367 1395 4428 h‘lathius
1412 4382 1500 4427 sutor

241 4488 326 4532 sexta
354 4472 429 4533 leria
455 4490 525 4554 post
562 4475 757 4535 dominicani
785 4475 884 4547 (luasi
911 4475 1009 4534 inodo
1035 4475 1132 4554 geniti
1158 4475 1373 4554 juramentum
1398 4473 1498 4534 solus-

239 4593 303 4639 met
328 4579 488 4660 deponere
514 4580 643 4641 deberet
669 4600 763 4661 super
787 4602 836 4657 eo,
862 4579 949 4660 quod
983 4578 1065 4640 dicte
1093 4580 1214 4659 Agathe
1240 4580 1355 4643 ancille
1381 4593 1410 4640 et
1434 4598 1496 4640 ser·

238 4686 339 4746 vitrici
366 4685 441 4745 dicti
467 4684 622 4745 Johannis
657 4686 810 4747 Perouicz
842 4685 964 4747 nullam
990 4686 1229 4763 verecundiam,
1261 4686 1382 4749 nullam
1409 4684 1495 4747 delu-

237 4792 360 4855 sionem
385 4806 415 4854 et
440 4791 565 4853 nullum
589 4810 762 4873 gravamen
788 4792 924 4855 lecisset.
