3488 5272
228 320 302 400 '274
639 311 840 397 Anno'1465.
866 308 916 363 —'
931 326 981 397 23.
998 314 1083 397 yir'lr'r'.

986 427 995 432 ..
1009 426 1132 433 .-.-.-...-.
1147 424 1369 433 --η--ι-ο-ι
1391 426 1506 435 ——

238 532 305 613 ipse
329 532 480 612 magister
506 532 680 614 Dyonisius
704 532 735 593 in
754 551 888 613 persona
917 532 1072 594 consortis
1096 551 1153 592 sue
1178 551 1243 594 non
1268 544 1439 593 contentus
1463 532 1508 595 ad

236 638 378 700 seniores
402 637 577 720 appellavit
600 637 731 718 judices.

312 875 407 948 feria
435 880 542 948 tercia
573 876 725 965 proxima
755 885 833 948 ante
861 877 984 948 festum
1012 878 1101 948 beati
1129 875 1249 966 jacobi
1279 875 1435 965 apostoli.

775 1030 840 1108 (23.
857 1031 957 1105 sulit).

344 1170 421 1231 ltem
447 1190 574 1231 causam
601 1170 681 1230 inter
705 1170 898 1252 Dyonisium
917 1168 1114 1231 aurifabrum
1140 1181 1171 1231 et
1185 1168 1331 1231 Paulum
1356 1166 1509 1229 similiter

238 1276 433 1339 aurifabrum
460 1278 587 1337 racione
613 1277 825 1357 quarumdam
851 1296 956 1337 rerum
983 1291 1013 1336 et
1043 1278 1202 1338 bonorum
1230 1276 1261 1335 in
1286 1274 1421 1355 registro
1447 1292 1507 1355 per

238 1384 341 1465 ipsum
361 1384 552 1465 Dyonisium
578 1396 687 1443 contra
706 1384 809 1463 ipsum
837 1382 971 1443 Paulum
996 1401 1102 1443 coram
1122 1381 1216 1442 nobis
1234 1381 1266 1441 in
1292 1380 1412 1459 judicio
1429 1399 1506 1460 pto·

240 1492 409 1552 ductorum
435 1504 465 1550 et
490 1490 755 1570 conscriptorum,
778 1489 870 1570 jurati
904 1489 1007 1549 taliter
1043 1487 1277 1567 adjudicarunt,
1301 1486 1389 1567 quod
1418 1486 1506 1567 quit·

240 1597 317 1677 quid
337 1596 402 1677 ipse
418 1595 534 1656 l’aulus
548 1596 586 1656 de
606 1596 681 1675 ipsis
698 1597 793 1655 rebus
810 1596 908 1676 ipsius
924 1595 1068 1676 llyonisii
1094 1593 1281 1675 conscriptis
1293 1612 1327 1654 se
1345 1592 1503 1673 recepisse

240 1716 270 1763 et
295 1721 358 1762 non
384 1701 533 1762 habuisse
551 1715 655 1781 negat,
681 1701 782 1778 jurare
808 1701 928 1781 (debet)
947 1701 1012 1779 ipse
1028 1700 1145 1761 Paulus
1168 1697 1328 1761 aurifaber
1344 1696 1502 1759 solusmet

240 1806 317 1869 feria
335 1808 430 1868 tercia
448 1808 592 1889 proxima
610 1821 680 1887 post
698 1807 876 1888 predictum
902 1806 1017 1867 festum
1037 1807 1120 1867 beati
1136 1806 1245 1867 lacobi
1264 1805 1296 1866 in
1321 1824 1374 1866 ara
1391 1818 1500 1865 sancte

239 1915 363 1992 Crucis,
388 1930 418 1975 et
444 1914 496 1975 illa
523 1935 584 1995 que
603 1935 634 1974 se
660 1914 806 1975 habuisse
833 1913 916 1974 idem
936 1913 1053 1973 Paulus
1074 1932 1138 1973 non
1157 1926 1263 1994 negat,
1287 1911 1393 1972 eidem
1411 1910 1501 1993 Dyo-

238 2022 320 2081 nisio
353 2040 453 2101 usque
486 2020 800 2100 quintumdecimum
834 2020 918 2079 diem
953 2020 1019 2099 ipse
1054 2019 1171 2079 Paulus
1204 2018 1310 2079 eidem
1344 2016 1504 2099 Dyonisio

237 2126 360 2187 solvere
387 2127 566 2200 tenebitur;
592 2126 705 2186 iterum
729 2126 794 2206 ipse
814 2125 987 2206 Dyouisius
1012 2122 1172 2185 aurifaber
1191 2124 1293 2201 jurare
1318 2123 1432 2185 eodem
1452 2122 1505 2184 die

238 2234 398 2294 tenebitur
422 2233 574 2292 solusmet
601 2233 630 2291 in
658 2253 695 2291 eo
729 2233 855 2292 racione
889 2232 1050 2311 porcionis
1083 2231 1251 2312 pulverum
1276 2245 1502 2310 argenteorum

239 2340 381 2400 eiusdem
408 2338 566 2420 Dyonisii‚
591 2358 671 2419 quos
706 2339 771 2418 ipse
803 2338 919 2398 l’aulus
952 2338 1108 2413 vendidit,
1140 2351 1295 2417 quantum
1320 2335 1504 2414 valuerunt,

240 2461 270 2507 et
294 2446 370 2505 dum
398 2445 512 2519 jurabit
538 2446 603 2525 ipse
623 2444 807 2525 Dronisius,
834 2445 899 2525 ipse
924 2444 1040 2503 Paulus
1058 2444 1243 2525 porcionem
1271 2443 1413 2524 ipsorum
1430 2441 1505 2521 pul·

242 2572 350 2612 verum
377 2551 482 2611 eidem
508 2551 630 2612 solvere
656 2551 833 2624 tenebitur;
859 2550 897 2609 de
923 2570 988 2630 quo
1010 2550 1130 2628 judicio
1156 2550 1298 2630 ipsorum
1323 2547 1501 2628 juratorum

241 2659 306 2739 ipse
332 2658 507 2739 Dronisius
533 2677 596 2717 non
630 2670 798 2717 contentus
831 2658 897 2736 ipse
929 2657 968 2717 ad
994 2656 1136 2717 seniores
1171 2654 1344 2736 appellavit
1367 2652 1500 2733 judices.

348 2764 423 2823 Item
450 2783 576 2823 causam
604 2764 685 2824 inter
710 2764 911 2824 Clementem
946 2763 1064 2823 Kelecz
1096 2762 1228 2838 dictum,
1253 2776 1406 2837 sutorem,
1431 2778 1503 2821 mo·

238 2871 373 2930 <fernum
400 2870 549 2950 juratum,
575 2886 604 2930 et
630 2869 819 2930 lliehaelem
847 2868 946 2929 filium
974 2869 1096 2929 Nicolai
1123 2865 1274 2927 aurifabri
1300 2866 1428 2927 racione
1454 2865 1500 2927 le·

239 2978 337 3036 sionis
361 2991 389 3035 er
407 2978 570 3057 sanguinis
597 2976 761 3036 effusionis
786 2996 857 3037 cum
876 2996 960 3056 equo
985 2996 1079 3056 super
1096 2976 1203 3056 pueris
1221 2974 1364 3035 eiusdem
1383 2973 1502 3035 Kelecz

239 3103 294 3163 per
320 3083 422 3161 ipsum
450 3082 638 3143 lliehaelem
668 3082 758 3157 lacte,
789 3082 879 3155 jurati
914 3083 1138 3161 adjudicarunt
1169 3081 1284 3156 taliter,
1309 3080 1397 3160 quod
1422 3080 1503 3161 quia

240 3189 304 3267 ipse
339 3189 473 3247 lfielrael
509 3189 611 3268 ipsunt
647 3208 780 3268 puerum
817 3204 962 3267 ternpore
988 3188 1141 3247 libertatis
1175 3186 1323 3263 l'rnttclra,
1356 3199 1504 3266 tempore

240 3296 467 3367 nundinarum,
501 3314 555 3375 per
587 3315 678 3354 sunm
714 3315 831 3375 equum
867 3295 946 3367 lesit,
980 3312 1023 3353 est
1056 3309 1221 3353 rnrrrrctus
1255 3309 1363 3352 contra
1399 3294 1504 3373 ipsum

241 3401 357 3460 Kelecz
384 3402 412 3459 in
440 3422 520 3481 perta
547 3402 658 3481 ‹ltrppli
687 3401 833 3460 videlicet
862 3402 891 3459 in
920 3402 973 3459 XX
1003 3402 1108 3480 peusis
1134 3415 1162 3459 et
1188 3415 1296 3459 mantra
1323 3401 1503 3460 communi·

239 3521 335 3568 tatem
363 3508 392 3565 iu
418 3508 561 3587 tprirnpre
592 3508 708 3587 pensis.

347 3613 422 3672 ltem
450 3634 575 3673 causam
597 3616 676 3673 inter
702 3612 832 3689 (irrraglr
867 3614 1002 3690 l‘osegas
1028 3613 1159 3679 alierum,
1177 3614 1299 3673 senium
1328 3613 1416 3672 l'auli
1437 3612 1502 3674 lah

240 3720 379 3780 concisis
406 3720 513 3787 nostri,
540 3720 666 3779 racione
693 3719 857 3778 cuiusdam
884 3720 957 3797 equi
984 3720 1030 3778 sui
1057 3740 1111 3799 per
1129 3721 1286 3799 qttustlam
1312 3719 1503 3799 spoliatores

240 3827 357 3905 recepti
384 3841 412 3885 et
438 3826 487 3885 liic
515 3826 543 3883 in
580 3828 644 3905 ipsa
678 3826 802 3885 civitate
836 3825 953 3903 cogniti
986 3840 1014 3885 et
1049 3827 1087 3884 arf
1115 3824 1270 3895 iusticiam
1297 3826 1421 3885 arestari
1455 3846 1502 3885 ra-

240 3934 332 3993 ciorre
357 3933 447 3992 errius
472 3934 543 4012 equi
580 3931 634 3991 fuit
671 3932 887 4011 deprehensus
920 3932 1050 4011 atridam
1078 3932 1224 3991 l'rbauus
1259 3933 1297 3990 tlQ
1324 3933 1439 4009 Ztruga
1472 3932 1502 3992 in

239 4040 358 4099 tenutis
390 4040 480 4098 castri
514 4038 611 4097 sancti
647 4038 777 4113 lieorpii
812 4058 1026 4105 nuttnrorrrrrs,
1064 4040 1093 4096 iu
1128 4058 1193 4118 quo
1220 4048 1301 4098 lactu
1327 4038 1401 4096 dicti
1429 4038 1503 4117 equi

241 4146 306 4225 ipse
332 4144 463 4223 Gnraglr
490 4144 585 4203 lrorlie
612 4144 793 4202 tereiusrrret
819 4162 912 4223 snper
941 4144 1043 4221 ipsum
1063 4163 1181 4223 equum
1206 4144 1307 4211 jurare
1333 4144 1503 4217 tenebitur,

240 4252 327 4331 quod
355 4251 420 4331 ipse
447 4271 548 4330 equus
573 4250 671 4327 ipsius
697 4269 788 4307 tertis
814 4250 882 4319 luit,
908 4263 935 4307 et
956 4250 1021 4327 ipse
1048 4250 1150 4329 ipsum
1178 4270 1296 4329 equum
1324 4250 1403 4309 nulli
1430 4270 1503 4329 pro-

241 4357 361 4437 pinarit
388 4377 444 4416 nec
471 4356 624 4429 rernlirlit,
651 4356 704 4414 serf
731 4356 869 4413 famulus
896 4356 993 4433 ipsius
1011 4356 1142 4431 (ierrrgii
1170 4358 1228 4415 luit
1253 4357 1408 4436 spoliatus
1427 4377 1502 4416 utta·

241 4482 312 4523 cum
339 4464 410 4521 aliis
435 4466 529 4521 relius
560 4462 636 4537 suis,
662 4476 690 4521 et
723 4461 799 4520 dum
832 4460 958 4533 iurabit,
991 4476 1064 4521 tuuc
1099 4462 1164 4543 ipse
1191 4462 1350 4541 Georgius
1376 4463 1504 4523 habebit

241 4588 360 4649 equum
385 4588 498 4635 suum;
524 4588 539 4627 e
565 4586 718 4628 converso
752 4586 826 4626 sero
860 4566 924 4646 ipse
952 4567 1097 4628 l'rbanus
1124 4568 1225 4641 jurare
1250 4569 1410 4629 tenebitur
1442 4584 1504 4629 ter-

241 4676 374 4735 ciusmet
400 4676 543 4755 personis
568 4676 626 4734 sibi
644 4673 804 4735 similibus
822 4674 852 4733 iu
878 4692 929 4731 nra
951 4688 1057 4733 sancte
1078 4674 1191 4735 Creteis
1216 4672 1292 4735 feria
1318 4676 1413 4735 tercia
1432 4691 1502 4755 post

241 4782 418 4862 predii-tum
430 4780 569 4861 (festum)
585 4782 666 4841 beati
682 4780 790 4840 iacobi
801 4778 936 4860 apostoli
954 4780 1098 4859 promitte
1113 4794 1295 4855 venturum,
1306 4780 1336 4839 in
1348 4802 1398 4857 eo,
1413 4782 1501 4861 quod
