<?xml version="1.0" encoding="UTF-8"?>
<!DOCTYPE html PUBLIC "-//W3C//DTD XHTML 1.0 Transitional//EN"
    "http://www.w3.org/TR/xhtml1/DTD/xhtml1-transitional.dtd">
<html xmlns="http://www.w3.org/1999/xhtml" xml:lang="en" lang="en">
 <head>
  <title>
</title>
<meta http-equiv="Content-Type" content="text/html;charset=utf-8" />
  <meta name='ocr-system' content='tesseract 3.04.00' />
  <meta name='ocr-capabilities' content='ocr_page ocr_carea ocr_par ocr_line ocrx_word'/>
</head>
<body>
  <div class='ocr_page' id='page_1' title='image "./monumentahistor07laszgoog_0463.png"; bbox 0 0 3488 5272; ppageno 0'>
   <div class='ocr_carea' id='block_1_1' title="bbox 608 307 1130 382">
    <p class='ocr_par' dir='ltr' id='par_1_1' title="bbox 608 307 1130 382">
     <span class='ocr_line' id='line_1_1' title="bbox 608 307 1130 382; baseline 0.01 -20"><span class='ocrx_word' id='word_1_1' title='bbox 608 308 806 382; x_wconf 76' lang='lat' dir='ltr'><em>Ann01472.</em></span> <span class='ocrx_word' id='word_1_2' title='bbox 832 340 873 349; x_wconf 91' lang='grc'>-</span> <span class='ocrx_word' id='word_1_3' title='bbox 896 319 949 381; x_wconf 83' lang='lat'>29.</span> <span class='ocrx_word' id='word_1_4' title='bbox 967 307 1130 381; x_wconf 70' lang='lat' dir='ltr'>februarii.</span> 
     </span>
    </p>
   </div>
   <div class='ocr_carea' id='block_1_2' title="bbox 241 514 1505 703">
    <p class='ocr_par' dir='ltr' id='par_1_2' title="bbox 241 514 1505 703">
     <span class='ocr_line' id='line_1_2' title="bbox 350 514 1505 599; baseline 0.003 -23"><span class='ocrx_word' id='word_1_5' title='bbox 350 516 426 578; x_wconf 90' lang='lat' dir='ltr'>ltem</span> <span class='ocrx_word' id='word_1_6' title='bbox 453 516 526 597; x_wconf 86' lang='lat' dir='ltr'>quia</span> <span class='ocrx_word' id='word_1_7' title='bbox 545 515 708 577; x_wconf 86' lang='lat' dir='ltr'>lohannes</span> <span class='ocrx_word' id='word_1_8' title='bbox 725 514 809 578; x_wconf 87' lang='lat' dir='ltr'>lilius</span> <span class='ocrx_word' id='word_1_9' title='bbox 826 515 986 599; x_wconf 89' lang='lat' dir='ltr'>Soldynar</span> <span class='ocrx_word' id='word_1_10' title='bbox 1003 517 1108 598; x_wconf 91' lang='lat' dir='ltr'>primo</span> <span class='ocrx_word' id='word_1_11' title='bbox 1125 518 1240 580; x_wconf 87' lang='lat' dir='ltr'>citatus</span> <span class='ocrx_word' id='word_1_12' title='bbox 1256 533 1367 580; x_wconf 89' lang='lat' dir='ltr'>contra</span> <span class='ocrx_word' id='word_1_13' title='bbox 1386 520 1505 580; x_wconf 82' lang='lat' dir='ltr'><strong>Lucam</strong></span> 
     </span>
     <span class='ocr_line' id='line_1_3' title="bbox 241 620 1412 703; baseline 0.004 -21"><span class='ocrx_word' id='word_1_14' title='bbox 241 636 381 683; x_wconf 90' lang='lat' dir='ltr'>sutorem</span> <span class='ocrx_word' id='word_1_15' title='bbox 407 635 533 684; x_wconf 88' lang='lat' dir='ltr'>tenetur</span> <span class='ocrx_word' id='word_1_16' title='bbox 557 641 741 703; x_wconf 86' lang='lat' dir='ltr'>comparere</span> <span class='ocrx_word' id='word_1_17' title='bbox 766 620 805 682; x_wconf 90' lang='lat' dir='ltr'>ad</span> <span class='ocrx_word' id='word_1_18' title='bbox 831 622 970 703; x_wconf 92' lang='lat' dir='ltr'>primum</span> <span class='ocrx_word' id='word_1_19' title='bbox 995 621 1151 703; x_wconf 89' lang='lat' dir='ltr'>judicium</span> <span class='ocrx_word' id='word_1_20' title='bbox 1175 642 1283 685; x_wconf 86' lang='lat' dir='ltr'>coram</span> <span class='ocrx_word' id='word_1_21' title='bbox 1307 624 1412 687; x_wconf 80' lang='lat' dir='ltr'>nobis.</span> 
     </span>
    </p>
   </div>
   <div class='ocr_carea' id='block_1_3' title="bbox 240 746 1508 1575">
    <p class='ocr_par' dir='ltr' id='par_1_3' title="bbox 240 746 1508 1575">
     <span class='ocr_line' id='line_1_4' title="bbox 348 746 1504 832; baseline 0.003 -24"><span class='ocrx_word' id='word_1_22' title='bbox 348 748 424 810; x_wconf 91' lang='lat' dir='ltr'>ltern</span> <span class='ocrx_word' id='word_1_23' title='bbox 450 747 525 829; x_wconf 89' lang='lat' dir='ltr'>quia</span> <span class='ocrx_word' id='word_1_24' title='bbox 544 747 686 831; x_wconf 88' lang='lat' dir='ltr'>Gywrko</span> <span class='ocrx_word' id='word_1_25' title='bbox 703 761 734 809; x_wconf 94' lang='lat' dir='ltr'>et</span> <span class='ocrx_word' id='word_1_26' title='bbox 751 748 875 809; x_wconf 90' lang='lat' dir='ltr'>Blasius</span> <span class='ocrx_word' id='word_1_27' title='bbox 893 746 1004 809; x_wconf 91' lang='lat' dir='ltr'>lamuli</span> <span class='ocrx_word' id='word_1_28' title='bbox 1022 748 1151 810; x_wconf 90' lang='lat' dir='ltr'>Thome</span> <span class='ocrx_word' id='word_1_29' title='bbox 1174 747 1351 832; x_wconf 86' lang='lat' dir='ltr'>freniparis,</span> <span class='ocrx_word' id='word_1_30' title='bbox 1368 750 1504 812; x_wconf 86' lang='lat' dir='ltr'>senioris</span> 
     </span>
     <span class='ocr_line' id='line_1_5' title="bbox 240 853 1503 936; baseline 0.002 -22"><span class='ocrx_word' id='word_1_31' title='bbox 240 853 356 935; x_wconf 87' lang='lat' dir='ltr'>judicis</span> <span class='ocrx_word' id='word_1_32' title='bbox 380 868 409 916; x_wconf 91' lang='lat' dir='ltr'>et</span> <span class='ocrx_word' id='word_1_33' title='bbox 434 854 575 915; x_wconf 80' lang='lat' dir='ltr'>concivis</span> <span class='ocrx_word' id='word_1_34' title='bbox 600 854 710 933; x_wconf 82' lang='lat' dir='ltr'>nostri,</span> <span class='ocrx_word' id='word_1_35' title='bbox 735 855 862 915; x_wconf 84' lang='lat' dir='ltr'>racione</span> <span class='ocrx_word' id='word_1_36' title='bbox 887 854 1078 936; x_wconf 87' lang='lat' dir='ltr'>suspicionis</span> <span class='ocrx_word' id='word_1_37' title='bbox 1106 855 1273 918; x_wconf 90' lang='lat' dir='ltr'>cuiusdam</span> <span class='ocrx_word' id='word_1_38' title='bbox 1298 854 1371 919; x_wconf 86' lang='lat' dir='ltr'>furti</span> <span class='ocrx_word' id='word_1_39' title='bbox 1398 856 1503 918; x_wconf 92' lang='lat' dir='ltr'>domi·</span> 
     </span>
     <span class='ocr_line' id='line_1_6' title="bbox 241 960 1505 1044; baseline 0.002 -22"><span class='ocrx_word' id='word_1_40' title='bbox 241 981 355 1023; x_wconf 94' lang='lat' dir='ltr'>norum</span> <span class='ocrx_word' id='word_1_41' title='bbox 382 962 463 1044; x_wconf 90' lang='lat' dir='ltr'>Elye</span> <span class='ocrx_word' id='word_1_42' title='bbox 488 962 616 1043; x_wconf 83' lang='lat' dir='ltr'>plebani</span> <span class='ocrx_word' id='word_1_43' title='bbox 642 962 742 1022; x_wconf 91' lang='lat' dir='ltr'>sancti</span> <span class='ocrx_word' id='word_1_44' title='bbox 767 961 877 1023; x_wconf 86' lang='lat' dir='ltr'>Jacobi</span> <span class='ocrx_word' id='word_1_45' title='bbox 906 962 938 1022; x_wconf 94' lang='lat' dir='ltr'>in</span> <span class='ocrx_word' id='word_1_46' title='bbox 964 960 1063 1039; x_wconf 88' lang='lat' dir='ltr'>Gaaz,</span> <span class='ocrx_word' id='word_1_47' title='bbox 1095 962 1127 1023; x_wconf 92' lang='lat' dir='ltr'>in</span> <span class='ocrx_word' id='word_1_48' title='bbox 1152 962 1252 1024; x_wconf 88' lang='lat' dir='ltr'>domo</span> <span class='ocrx_word' id='word_1_49' title='bbox 1277 963 1421 1025; x_wconf 85' lang='lat' dir='ltr'>eiusdem</span> <span class='ocrx_word' id='word_1_50' title='bbox 1447 963 1505 1024; x_wconf 93' lang='lat' dir='ltr'>do-</span> 
     </span>
     <span class='ocr_line' id='line_1_7' title="bbox 241 1067 1508 1153; baseline 0.002 -24"><span class='ocrx_word' id='word_1_51' title='bbox 241 1069 319 1129; x_wconf 89' lang='lat' dir='ltr'>mini</span> <span class='ocrx_word' id='word_1_52' title='bbox 347 1068 426 1150; x_wconf 91' lang='lat' dir='ltr'>Elye</span> <span class='ocrx_word' id='word_1_53' title='bbox 452 1068 536 1146; x_wconf 89' lang='lat' dir='ltr'>lacti,</span> <span class='ocrx_word' id='word_1_54' title='bbox 569 1067 656 1149; x_wconf 92' lang='lat' dir='ltr'>quod</span> <span class='ocrx_word' id='word_1_55' title='bbox 692 1067 844 1129; x_wconf 92' lang='lat' dir='ltr'>dominus</span> <span class='ocrx_word' id='word_1_56' title='bbox 877 1067 1036 1149; x_wconf 85' lang='lat' dir='ltr'>Georgius</span> <span class='ocrx_word' id='word_1_57' title='bbox 1067 1068 1299 1150; x_wconf 78' lang='lat' dir='ltr'>prebendarius</span> <span class='ocrx_word' id='word_1_58' title='bbox 1321 1070 1508 1153; x_wconf 76' lang='lat' dir='ltr'>capellanus</span> 
     </span>
     <span class='ocr_line' id='line_1_8' title="bbox 241 1173 1507 1258; baseline 0.001 -23"><span class='ocrx_word' id='word_1_59' title='bbox 241 1176 363 1236; x_wconf 91' lang='lat' dir='ltr'>domini</span> <span class='ocrx_word' id='word_1_60' title='bbox 390 1175 453 1235; x_wconf 92' lang='lat' dir='ltr'>Viti</span> <span class='ocrx_word' id='word_1_61' title='bbox 479 1175 630 1256; x_wconf 77' lang='lat' dir='ltr'>prepositi</span> <span class='ocrx_word' id='word_1_62' title='bbox 656 1174 786 1236; x_wconf 91' lang='lat' dir='ltr'>nomine</span> <span class='ocrx_word' id='word_1_63' title='bbox 812 1173 955 1236; x_wconf 90' lang='lat' dir='ltr'>eiusdem</span> <span class='ocrx_word' id='word_1_64' title='bbox 983 1174 1108 1236; x_wconf 93' lang='lat' dir='ltr'>domini</span> <span class='ocrx_word' id='word_1_65' title='bbox 1134 1175 1214 1258; x_wconf 87' lang='lat' dir='ltr'>Elye</span> <span class='ocrx_word' id='word_1_66' title='bbox 1251 1178 1507 1257; x_wconf 88' lang='lat' dir='ltr'>prosequebatur</span> 
     </span>
     <span class='ocr_line' id='line_1_9' title="bbox 241 1279 1506 1362; baseline 0.002 -22"><span class='ocrx_word' id='word_1_67' title='bbox 241 1295 272 1342; x_wconf 87' lang='lat' dir='ltr'>et</span> <span class='ocrx_word' id='word_1_68' title='bbox 295 1282 415 1342; x_wconf 91' lang='lat' dir='ltr'>eisdem</span> <span class='ocrx_word' id='word_1_69' title='bbox 434 1300 573 1341; x_wconf 92' lang='lat' dir='ltr'>unacum</span> <span class='ocrx_word' id='word_1_70' title='bbox 598 1281 669 1341; x_wconf 90' lang='lat' dir='ltr'>aliis</span> <span class='ocrx_word' id='word_1_71' title='bbox 686 1280 751 1340; x_wconf 91' lang='lat' dir='ltr'>suis</span> <span class='ocrx_word' id='word_1_72' title='bbox 780 1281 937 1341; x_wconf 88' lang='lat' dir='ltr'>consociis</span> <span class='ocrx_word' id='word_1_73' title='bbox 955 1279 1170 1360; x_wconf 87' lang='lat' dir='ltr'>juramentum</span> <span class='ocrx_word' id='word_1_74' title='bbox 1188 1281 1356 1343; x_wconf 92' lang='lat' dir='ltr'>terciomet</span> <span class='ocrx_word' id='word_1_75' title='bbox 1380 1281 1506 1362; x_wconf 88' lang='lat' dir='ltr'>adjudi-</span> 
     </span>
     <span class='ocr_line' id='line_1_10' title="bbox 241 1384 1505 1469; baseline 0.002 -21"><span class='ocrx_word' id='word_1_76' title='bbox 241 1401 346 1449; x_wconf 88' lang='lat' dir='ltr'>catum</span> <span class='ocrx_word' id='word_1_77' title='bbox 372 1385 484 1465; x_wconf 89' lang='lat' dir='ltr'>luerat,</span> <span class='ocrx_word' id='word_1_78' title='bbox 509 1384 586 1449; x_wconf 87' lang='lat' dir='ltr'>feria</span> <span class='ocrx_word' id='word_1_79' title='bbox 611 1401 698 1449; x_wconf 80' lang='lat' dir='ltr'>sexta</span> <span class='ocrx_word' id='word_1_80' title='bbox 721 1388 865 1469; x_wconf 87' lang='lat' dir='ltr'>proxima</span> <span class='ocrx_word' id='word_1_81' title='bbox 890 1401 963 1449; x_wconf 89' lang='lat' dir='ltr'>ante</span> <span class='ocrx_word' id='word_1_82' title='bbox 986 1385 1102 1449; x_wconf 89' lang='lat' dir='ltr'>lestum</span> <span class='ocrx_word' id='word_1_83' title='bbox 1126 1388 1209 1450; x_wconf 86' lang='lat' dir='ltr'>beati</span> <span class='ocrx_word' id='word_1_84' title='bbox 1233 1389 1396 1451; x_wconf 90' lang='lat' dir='ltr'>Valentini</span> <span class='ocrx_word' id='word_1_85' title='bbox 1422 1408 1505 1451; x_wconf 69' lang='lat' dir='ltr'>mar⁴</span> 
     </span>
     <span class='ocr_line' id='line_1_11' title="bbox 240 1494 1039 1575; baseline 0.003 -21"><span class='ocrx_word' id='word_1_86' title='bbox 240 1495 308 1554; x_wconf 91' lang='lat' dir='ltr'>tiris</span> <span class='ocrx_word' id='word_1_87' title='bbox 333 1494 536 1575; x_wconf 90' lang='lat' dir='ltr'>prestiterunt</span> <span class='ocrx_word' id='word_1_88' title='bbox 560 1513 666 1554; x_wconf 89' lang='lat' dir='ltr'>corarn</span> <span class='ocrx_word' id='word_1_89' title='bbox 693 1495 787 1554; x_wconf 93' lang='lat' dir='ltr'>nobis</span> <span class='ocrx_word' id='word_1_90' title='bbox 811 1507 845 1556; x_wconf 93' lang='lat' dir='ltr'>ut</span> <span class='ocrx_word' id='word_1_91' title='bbox 869 1495 1039 1556; x_wconf 82' lang='lat' dir='ltr'>debebant.</span> 
     </span>
    </p>
   </div>
   <div class='ocr_carea' id='block_1_4' title="bbox 239 1617 1505 2317">
    <p class='ocr_par' dir='ltr' id='par_1_4' title="bbox 239 1617 1505 2317">
     <span class='ocr_line' id='line_1_12' title="bbox 348 1617 1505 1700; baseline 0.005 -24"><span class='ocrx_word' id='word_1_92' title='bbox 348 1617 424 1678; x_wconf 91' lang='lat' dir='ltr'>ltem</span> <span class='ocrx_word' id='word_1_93' title='bbox 450 1617 525 1698; x_wconf 88' lang='lat' dir='ltr'>quia</span> <span class='ocrx_word' id='word_1_94' title='bbox 549 1618 645 1678; x_wconf 89' lang='lat' dir='ltr'>tercia</span> <span class='ocrx_word' id='word_1_95' title='bbox 670 1618 738 1679; x_wconf 91' lang='lat' dir='ltr'>vice</span> <span class='ocrx_word' id='word_1_96' title='bbox 756 1632 801 1679; x_wconf 91' lang='lat' dir='ltr'>est</span> <span class='ocrx_word' id='word_1_97' title='bbox 818 1619 1062 1700; x_wconf 87' lang='lat' dir='ltr'>proclamatum,</span> <span class='ocrx_word' id='word_1_98' title='bbox 1088 1618 1175 1700; x_wconf 93' lang='lat' dir='ltr'>quod</span> <span class='ocrx_word' id='word_1_99' title='bbox 1202 1639 1264 1682; x_wconf 88' lang='lat' dir='ltr'>una</span> <span class='ocrx_word' id='word_1_100' title='bbox 1289 1620 1380 1682; x_wconf 91' lang='lat' dir='ltr'>litera</span> <span class='ocrx_word' id='word_1_101' title='bbox 1398 1633 1505 1683; x_wconf 88' lang='lat' dir='ltr'>nostra</span> 
     </span>
     <span class='ocr_line' id='line_1_13' title="bbox 241 1720 1503 1805; baseline 0.004 -23"><span class='ocrx_word' id='word_1_102' title='bbox 241 1742 296 1783; x_wconf 91' lang='lat' dir='ltr'>seu</span> <span class='ocrx_word' id='word_1_103' title='bbox 322 1723 458 1784; x_wconf 89' lang='lat' dir='ltr'>civitatis</span> <span class='ocrx_word' id='word_1_104' title='bbox 482 1720 603 1804; x_wconf 87' lang='lat' dir='ltr'>prelate</span> <span class='ocrx_word' id='word_1_105' title='bbox 631 1743 726 1805; x_wconf 91' lang='lat' dir='ltr'>super</span> <span class='ocrx_word' id='word_1_106' title='bbox 757 1725 896 1805; x_wconf 90' lang='lat' dir='ltr'>quadam</span> <span class='ocrx_word' id='word_1_107' title='bbox 929 1725 1022 1786; x_wconf 90' lang='lat' dir='ltr'>vinea</span> <span class='ocrx_word' id='word_1_108' title='bbox 1046 1725 1184 1786; x_wconf 90' lang='lat' dir='ltr'>condam</span> <span class='ocrx_word' id='word_1_109' title='bbox 1217 1725 1385 1787; x_wconf 86' lang='lat' dir='ltr'>Michaelis</span> <span class='ocrx_word' id='word_1_110' title='bbox 1416 1726 1503 1787; x_wconf 88' lang='lat' dir='ltr'>selli-</span> 
     </span>
     <span class='ocr_line' id='line_1_14' title="bbox 244 1827 1504 1914; baseline 0.003 -25"><span class='ocrx_word' id='word_1_111' title='bbox 244 1829 328 1911; x_wconf 89' lang='lat' dir='ltr'>paris</span> <span class='ocrx_word' id='word_1_112' title='bbox 352 1827 408 1890; x_wconf 88' lang='lat' dir='ltr'>lilii</span> <span class='ocrx_word' id='word_1_113' title='bbox 441 1830 579 1891; x_wconf 90' lang='lat' dir='ltr'>condam</span> <span class='ocrx_word' id='word_1_114' title='bbox 612 1830 703 1891; x_wconf 85' lang='lat' dir='ltr'>Pauli</span> <span class='ocrx_word' id='word_1_115' title='bbox 735 1831 884 1913; x_wconf 85' lang='lat' dir='ltr'>Tolway‚</span> <span class='ocrx_word' id='word_1_116' title='bbox 916 1830 1080 1913; x_wconf 90' lang='lat' dir='ltr'>deperdita</span> <span class='ocrx_word' id='word_1_117' title='bbox 1106 1830 1199 1910; x_wconf 84' lang='lat' dir='ltr'>foret,</span> <span class='ocrx_word' id='word_1_118' title='bbox 1224 1846 1254 1894; x_wconf 91' lang='lat' dir='ltr'>et</span> <span class='ocrx_word' id='word_1_119' title='bbox 1285 1832 1361 1914; x_wconf 90' lang='lat' dir='ltr'>quia</span> <span class='ocrx_word' id='word_1_120' title='bbox 1385 1832 1504 1894; x_wconf 91' lang='lat' dir='ltr'>Valen-</span> 
     </span>
     <span class='ocr_line' id='line_1_15' title="bbox 241 1935 1501 2019; baseline 0.003 -23"><span class='ocrx_word' id='word_1_121' title='bbox 241 1936 327 1996; x_wconf 93' lang='lat' dir='ltr'>tinus</span> <span class='ocrx_word' id='word_1_122' title='bbox 352 1935 564 2018; x_wconf 88' lang='lat' dir='ltr'>Herwathych</span> <span class='ocrx_word' id='word_1_123' title='bbox 591 1936 726 1997; x_wconf 88' lang='lat' dir='ltr'>eandem</span> <span class='ocrx_word' id='word_1_124' title='bbox 756 1937 881 1998; x_wconf 89' lang='lat' dir='ltr'>vineam</span> <span class='ocrx_word' id='word_1_125' title='bbox 915 1951 1155 2019; x_wconf 82' lang='lat' dir='ltr'>comparaverat</span> <span class='ocrx_word' id='word_1_126' title='bbox 1189 1959 1206 1999; x_wconf 93' lang='lat' dir='ltr'>a</span> <span class='ocrx_word' id='word_1_127' title='bbox 1240 1938 1376 2000; x_wconf 87' lang='lat' dir='ltr'>condam</span> <span class='ocrx_word' id='word_1_128' title='bbox 1403 1938 1501 2000; x_wconf 90' lang='lat' dir='ltr'>Bene·</span> 
     </span>
     <span class='ocr_line' id='line_1_16' title="bbox 240 2042 1501 2125; baseline 0.002 -23"><span class='ocrx_word' id='word_1_129' title='bbox 240 2043 327 2103; x_wconf 90' lang='lat' dir='ltr'>dicto</span> <span class='ocrx_word' id='word_1_130' title='bbox 352 2042 456 2121; x_wconf 89' lang='lat' dir='ltr'>judice</span> <span class='ocrx_word' id='word_1_131' title='bbox 489 2043 528 2103; x_wconf 91' lang='lat' dir='ltr'>de</span> <span class='ocrx_word' id='word_1_132' title='bbox 554 2043 719 2103; x_wconf 85' lang='lat' dir='ltr'>Kralewcz</span> <span class='ocrx_word' id='word_1_133' title='bbox 744 2056 774 2104; x_wconf 94' lang='lat' dir='ltr'>et</span> <span class='ocrx_word' id='word_1_134' title='bbox 804 2044 870 2125; x_wconf 91' lang='lat' dir='ltr'>ipse</span> <span class='ocrx_word' id='word_1_135' title='bbox 903 2044 1028 2105; x_wconf 86' lang='lat' dir='ltr'>literam</span> <span class='ocrx_word' id='word_1_136' title='bbox 1053 2064 1148 2125; x_wconf 92' lang='lat' dir='ltr'>super</span> <span class='ocrx_word' id='word_1_137' title='bbox 1179 2042 1292 2104; x_wconf 89' lang='lat' dir='ltr'>eadem</span> <span class='ocrx_word' id='word_1_138' title='bbox 1318 2045 1411 2105; x_wconf 88' lang='lat' dir='ltr'>vinea</span> <span class='ocrx_word' id='word_1_139' title='bbox 1436 2063 1501 2105; x_wconf 91' lang='lat' dir='ltr'>non</span> 
     </span>
     <span class='ocr_line' id='line_1_17' title="bbox 240 2147 1503 2230; baseline 0.002 -22"><span class='ocrx_word' id='word_1_140' title='bbox 240 2162 401 2230; x_wconf 82' lang='lat' dir='ltr'>receperat</span> <span class='ocrx_word' id='word_1_141' title='bbox 425 2162 542 2209; x_wconf 92' lang='lat' dir='ltr'>eotunc</span> <span class='ocrx_word' id='word_1_142' title='bbox 567 2169 584 2209; x_wconf 89' lang='lat' dir='ltr'>a</span> <span class='ocrx_word' id='word_1_143' title='bbox 609 2147 726 2228; x_wconf 74' lang='lat' dir='ltr'>judicie</span> <span class='ocrx_word' id='word_1_144' title='bbox 751 2149 835 2211; x_wconf 92' lang='lat' dir='ltr'>dicte</span> <span class='ocrx_word' id='word_1_145' title='bbox 860 2149 1005 2230; x_wconf 86' lang='lat' dir='ltr'>civitatis,</span> <span class='ocrx_word' id='word_1_146' title='bbox 1031 2150 1080 2210; x_wconf 94' lang='lat' dir='ltr'>cui</span> <span class='ocrx_word' id='word_1_147' title='bbox 1106 2150 1276 2212; x_wconf 86' lang='lat' dir='ltr'>commissa</span> <span class='ocrx_word' id='word_1_148' title='bbox 1301 2163 1348 2213; x_wconf 88' lang='lat' dir='ltr'>est</span> <span class='ocrx_word' id='word_1_149' title='bbox 1371 2150 1439 2211; x_wconf 91' lang='lat' dir='ltr'>dari</span> <span class='ocrx_word' id='word_1_150' title='bbox 1465 2149 1503 2210; x_wconf 91' lang='lat' dir='ltr'>li-</span> 
     </span>
     <span class='ocr_line' id='line_1_18' title="bbox 239 2255 692 2317; baseline 0.002 -1"><span class='ocrx_word' id='word_1_151' title='bbox 239 2270 305 2317; x_wconf 88' lang='lat' dir='ltr'>tera</span> <span class='ocrx_word' id='word_1_152' title='bbox 329 2275 411 2316; x_wconf 88' lang='lat' dir='ltr'>nova</span> <span class='ocrx_word' id='word_1_153' title='bbox 437 2255 520 2316; x_wconf 91' lang='lat' dir='ltr'>dicte</span> <span class='ocrx_word' id='word_1_154' title='bbox 545 2255 692 2317; x_wconf 86' lang='lat' dir='ltr'>civitatis.</span> 
     </span>
    </p>
   </div>
   <div class='ocr_carea' id='block_1_5' title="bbox 240 2377 1501 2672">
    <p class='ocr_par' dir='ltr' id='par_1_5' title="bbox 240 2377 1501 2672">
     <span class='ocr_line' id='line_1_19' title="bbox 346 2377 1501 2459; baseline -0.001 -19"><span class='ocrx_word' id='word_1_155' title='bbox 346 2380 423 2441; x_wconf 92' lang='lat' dir='ltr'>ltem</span> <span class='ocrx_word' id='word_1_156' title='bbox 448 2399 542 2440; x_wconf 92' lang='lat' dir='ltr'>causa</span> <span class='ocrx_word' id='word_1_157' title='bbox 575 2379 655 2440; x_wconf 92' lang='lat' dir='ltr'>inter</span> <span class='ocrx_word' id='word_1_158' title='bbox 678 2379 887 2440; x_wconf 88' lang='lat' dir='ltr'>Valentinum</span> <span class='ocrx_word' id='word_1_159' title='bbox 921 2378 1059 2459; x_wconf 87' lang='lat' dir='ltr'>judicem</span> <span class='ocrx_word' id='word_1_160' title='bbox 1092 2379 1283 2441; x_wconf 90' lang='lat' dir='ltr'>modernum</span> <span class='ocrx_word' id='word_1_161' title='bbox 1313 2377 1415 2440; x_wconf 89' lang='lat' dir='ltr'>lilium</span> <span class='ocrx_word' id='word_1_162' title='bbox 1441 2379 1501 2440; x_wconf 88' lang='lat' dir='ltr'>Mi-</span> 
     </span>
     <span class='ocr_line' id='line_1_20' title="bbox 240 2483 1500 2548; baseline -0.001 -2"><span class='ocrx_word' id='word_1_163' title='bbox 240 2486 359 2547; x_wconf 90' lang='lat' dir='ltr'>chaelis</span> <span class='ocrx_word' id='word_1_164' title='bbox 384 2499 493 2547; x_wconf 90' lang='lat' dir='ltr'>contra</span> <span class='ocrx_word' id='word_1_165' title='bbox 520 2486 692 2547; x_wconf 91' lang='lat' dir='ltr'>Martinum</span> <span class='ocrx_word' id='word_1_166' title='bbox 722 2484 903 2547; x_wconf 85' lang='lat' dir='ltr'>carnificem</span> <span class='ocrx_word' id='word_1_167' title='bbox 929 2485 1177 2548; x_wconf 86' lang='lat' dir='ltr'>Corinthianum</span> <span class='ocrx_word' id='word_1_168' title='bbox 1211 2499 1242 2547; x_wconf 90' lang='lat' dir='ltr'>et</span> <span class='ocrx_word' id='word_1_169' title='bbox 1266 2485 1347 2547; x_wconf 90' lang='lat' dir='ltr'>inter</span> <span class='ocrx_word' id='word_1_170' title='bbox 1372 2483 1500 2547; x_wconf 89' lang='lat' dir='ltr'>Chareu</span> 
     </span>
     <span class='ocr_line' id='line_1_21' title="bbox 240 2590 1230 2672; baseline -0.001 -19"><span class='ocrx_word' id='word_1_171' title='bbox 240 2592 420 2654; x_wconf 87' lang='lat' dir='ltr'>Fabianum</span> <span class='ocrx_word' id='word_1_172' title='bbox 444 2604 613 2672; x_wconf 81' lang='lat' dir='ltr'>prorogata</span> <span class='ocrx_word' id='word_1_173' title='bbox 640 2604 685 2651; x_wconf 90' lang='lat' dir='ltr'>est</span> <span class='ocrx_word' id='word_1_174' title='bbox 709 2610 811 2672; x_wconf 92' lang='lat' dir='ltr'>usque</span> <span class='ocrx_word' id='word_1_175' title='bbox 835 2591 873 2652; x_wconf 90' lang='lat' dir='ltr'>ad</span> <span class='ocrx_word' id='word_1_176' title='bbox 899 2591 1039 2672; x_wconf 92' lang='lat' dir='ltr'>primum</span> <span class='ocrx_word' id='word_1_177' title='bbox 1064 2590 1230 2671; x_wconf 82' lang='lat' dir='ltr'>judicium.</span> 
     </span>
    </p>
   </div>
   <div class='ocr_carea' id='block_1_6' title="bbox 238 2713 1505 3221">
    <p class='ocr_par' dir='ltr' id='par_1_6' title="bbox 238 2713 1505 3221">
     <span class='ocr_line' id='line_1_22' title="bbox 346 2713 1502 2797; baseline 0.002 -22"><span class='ocrx_word' id='word_1_178' title='bbox 346 2715 422 2776; x_wconf 90' lang='lat' dir='ltr'>Item</span> <span class='ocrx_word' id='word_1_179' title='bbox 449 2715 681 2796; x_wconf 88' lang='lat' dir='ltr'>proclamatum</span> <span class='ocrx_word' id='word_1_180' title='bbox 714 2729 770 2793; x_wconf 90' lang='lat' dir='ltr'>est,</span> <span class='ocrx_word' id='word_1_181' title='bbox 796 2729 829 2775; x_wconf 89' lang='lat' dir='ltr'>ut</span> <span class='ocrx_word' id='word_1_182' title='bbox 860 2715 1014 2776; x_wconf 92' lang='lat' dir='ltr'>discretus</span> <span class='ocrx_word' id='word_1_183' title='bbox 1037 2717 1085 2776; x_wconf 87' lang='lat' dir='ltr'>vir</span> <span class='ocrx_word' id='word_1_184' title='bbox 1117 2715 1268 2776; x_wconf 92' lang='lat' dir='ltr'>dominus</span> <span class='ocrx_word' id='word_1_185' title='bbox 1293 2713 1407 2777; x_wconf 89' lang='lat' dir='ltr'>Gallus</span> <span class='ocrx_word' id='word_1_186' title='bbox 1431 2735 1502 2797; x_wconf 90' lang='lat' dir='ltr'>pre·</span> 
     </span>
     <span class='ocr_line' id='line_1_23' title="bbox 239 2821 1505 2904; baseline -0.001 -20"><span class='ocrx_word' id='word_1_187' title='bbox 239 2822 412 2884; x_wconf 79' lang='lat' dir='ltr'>bandarius</span> <span class='ocrx_word' id='word_1_188' title='bbox 430 2821 517 2882; x_wconf 93' lang='lat' dir='ltr'>chori</span> <span class='ocrx_word' id='word_1_189' title='bbox 537 2821 668 2882; x_wconf 88' lang='lat' dir='ltr'>ecclesie</span> <span class='ocrx_word' id='word_1_190' title='bbox 686 2821 900 2902; x_wconf 86' lang='lat' dir='ltr'>zagrabiensis</span> <span class='ocrx_word' id='word_1_191' title='bbox 917 2821 1012 2883; x_wconf 92' lang='lat' dir='ltr'>debet</span> <span class='ocrx_word' id='word_1_192' title='bbox 1026 2841 1211 2904; x_wconf 91' lang='lat' dir='ltr'>comparere</span> <span class='ocrx_word' id='word_1_193' title='bbox 1228 2836 1337 2883; x_wconf 86' lang='lat' dir='ltr'>contra</span> <span class='ocrx_word' id='word_1_194' title='bbox 1357 2822 1505 2883; x_wconf 89' lang='lat' dir='ltr'>Marcum</span> 
     </span>
     <span class='ocr_line' id='line_1_24' title="bbox 239 2925 1502 3011; baseline -0.002 -20"><span class='ocrx_word' id='word_1_195' title='bbox 239 2928 493 3011; x_wconf 84' lang='lat' dir='ltr'>Gywrakowych</span> <span class='ocrx_word' id='word_1_196' title='bbox 519 2927 556 2987; x_wconf 94' lang='lat' dir='ltr'>ad</span> <span class='ocrx_word' id='word_1_197' title='bbox 576 2929 713 3009; x_wconf 89' lang='lat' dir='ltr'>primum</span> <span class='ocrx_word' id='word_1_198' title='bbox 731 2925 886 3007; x_wconf 91' lang='lat' dir='ltr'>judicium</span> <span class='ocrx_word' id='word_1_199' title='bbox 904 2928 1030 2988; x_wconf 89' lang='lat' dir='ltr'>racione</span> <span class='ocrx_word' id='word_1_200' title='bbox 1052 2927 1217 2989; x_wconf 88' lang='lat' dir='ltr'>cuiusdam</span> <span class='ocrx_word' id='word_1_201' title='bbox 1243 2927 1372 2988; x_wconf 90' lang='lat' dir='ltr'>camisie</span> <span class='ocrx_word' id='word_1_202' title='bbox 1401 2927 1502 3008; x_wconf 81' lang='lat' dir='ltr'>vulgo</span> 
     </span>
     <span class='ocr_line' id='line_1_25' title="bbox 238 3033 1504 3117; baseline -0.001 -21"><span class='ocrx_word' id='word_1_203' title='bbox 238 3036 389 3117; x_wconf 81' lang='lat' dir='ltr'>swrlycza</span> <span class='ocrx_word' id='word_1_204' title='bbox 423 3035 516 3108; x_wconf 89' lang='lat' dir='ltr'>dicte,</span> <span class='ocrx_word' id='word_1_205' title='bbox 561 3047 656 3112; x_wconf 90' lang='lat' dir='ltr'>prout</span> <span class='ocrx_word' id='word_1_206' title='bbox 689 3048 718 3094; x_wconf 90' lang='lat' dir='ltr'>et</span> <span class='ocrx_word' id='word_1_207' title='bbox 750 3034 887 3094; x_wconf 87' lang='lat' dir='ltr'>vicarius</span> <span class='ocrx_word' id='word_1_208' title='bbox 919 3034 1079 3094; x_wconf 91' lang='lat' dir='ltr'>commisit</span> <span class='ocrx_word' id='word_1_209' title='bbox 1112 3034 1216 3095; x_wconf 91' lang='lat' dir='ltr'>eidem</span> <span class='ocrx_word' id='word_1_210' title='bbox 1249 3033 1369 3114; x_wconf 89' lang='lat' dir='ltr'>judicio</span> <span class='ocrx_word' id='word_1_211' title='bbox 1402 3047 1504 3095; x_wconf 90' lang='lat' dir='ltr'>astare</span> 
     </span>
     <span class='ocr_line' id='line_1_26' title="bbox 239 3139 1431 3221; baseline -0.002 -17"><span class='ocrx_word' id='word_1_212' title='bbox 239 3163 345 3204; x_wconf 93' lang='lat' dir='ltr'>coram</span> <span class='ocrx_word' id='word_1_213' title='bbox 373 3142 476 3221; x_wconf 77' lang='lat' dir='ltr'>iudice</span> <span class='ocrx_word' id='word_1_214' title='bbox 503 3141 585 3201; x_wconf 92' lang='lat' dir='ltr'>dicte</span> <span class='ocrx_word' id='word_1_215' title='bbox 610 3141 745 3202; x_wconf 89' lang='lat' dir='ltr'>civitatis</span> <span class='ocrx_word' id='word_1_216' title='bbox 770 3141 845 3221; x_wconf 92' lang='lat' dir='ltr'>quia</span> <span class='ocrx_word' id='word_1_217' title='bbox 871 3160 934 3201; x_wconf 94' lang='lat' dir='ltr'>non</span> <span class='ocrx_word' id='word_1_218' title='bbox 960 3153 1006 3202; x_wconf 86' lang='lat' dir='ltr'>est</span> <span class='ocrx_word' id='word_1_219' title='bbox 1030 3139 1183 3220; x_wconf 83' lang='lat' dir='ltr'>judicium</span> <span class='ocrx_word' id='word_1_220' title='bbox 1210 3139 1283 3201; x_wconf 84' lang='lat' dir='ltr'>furti</span> <span class='ocrx_word' id='word_1_221' title='bbox 1309 3139 1431 3202; x_wconf 88' lang='lat' dir='ltr'>vicarii.</span> 
     </span>
    </p>
   </div>
   <div class='ocr_carea' id='block_1_7' title="bbox 240 3263 1504 3455">
    <p class='ocr_par' dir='ltr' id='par_1_7' title="bbox 240 3263 1504 3455">
     <span class='ocr_line' id='line_1_27' title="bbox 346 3263 1504 3347; baseline 0 -22"><span class='ocrx_word' id='word_1_222' title='bbox 346 3265 422 3326; x_wconf 91' lang='lat' dir='ltr'>ltem</span> <span class='ocrx_word' id='word_1_223' title='bbox 450 3265 525 3345; x_wconf 89' lang='lat' dir='ltr'>quia</span> <span class='ocrx_word' id='word_1_224' title='bbox 551 3264 645 3325; x_wconf 90' lang='lat' dir='ltr'>Clara</span> <span class='ocrx_word' id='word_1_225' title='bbox 669 3263 897 3347; x_wconf 80' lang='lat' dir='ltr'>Wenthychna</span> <span class='ocrx_word' id='word_1_226' title='bbox 921 3263 1026 3345; x_wconf 89' lang='lat' dir='ltr'>primo</span> <span class='ocrx_word' id='word_1_227' title='bbox 1043 3264 1136 3326; x_wconf 88' lang='lat' dir='ltr'>citata</span> <span class='ocrx_word' id='word_1_228' title='bbox 1161 3278 1271 3326; x_wconf 90' lang='lat' dir='ltr'>contra</span> <span class='ocrx_word' id='word_1_229' title='bbox 1288 3263 1386 3326; x_wconf 86' lang='lat' dir='ltr'>liliam</span> <span class='ocrx_word' id='word_1_230' title='bbox 1404 3264 1504 3326; x_wconf 91' lang='lat' dir='ltr'>Fran·</span> 
     </span>
     <span class='ocr_line' id='line_1_28' title="bbox 240 3369 1076 3455; baseline -0.002 -21"><span class='ocrx_word' id='word_1_231' title='bbox 240 3373 321 3455; x_wconf 83' lang='lat' dir='ltr'>chyn</span> <span class='ocrx_word' id='word_1_232' title='bbox 347 3392 411 3433; x_wconf 93' lang='lat' dir='ltr'>non</span> <span class='ocrx_word' id='word_1_233' title='bbox 438 3371 616 3453; x_wconf 89' lang='lat' dir='ltr'>comparuit</span> <span class='ocrx_word' id='word_1_234' title='bbox 642 3371 671 3431; x_wconf 92' lang='lat' dir='ltr'>in</span> <span class='ocrx_word' id='word_1_235' title='bbox 694 3369 815 3450; x_wconf 90' lang='lat' dir='ltr'>judicio</span> <span class='ocrx_word' id='word_1_236' title='bbox 840 3391 947 3432; x_wconf 92' lang='lat' dir='ltr'>coram</span> <span class='ocrx_word' id='word_1_237' title='bbox 973 3370 1076 3432; x_wconf 88' lang='lat' dir='ltr'>nobis.</span> 
     </span>
    </p>
   </div>
   <div class='ocr_carea' id='block_1_8' title="bbox 238 3495 1504 4092">
    <p class='ocr_par' dir='ltr' id='par_1_8' title="bbox 238 3495 1504 4092">
     <span class='ocr_line' id='line_1_29' title="bbox 344 3495 1498 3577; baseline -0.001 -20"><span class='ocrx_word' id='word_1_238' title='bbox 344 3498 421 3557; x_wconf 92' lang='lat' dir='ltr'>Item</span> <span class='ocrx_word' id='word_1_239' title='bbox 447 3497 522 3577; x_wconf 88' lang='lat' dir='ltr'>quia</span> <span class='ocrx_word' id='word_1_240' title='bbox 547 3496 736 3557; x_wconf 88' lang='lat' dir='ltr'>Valentinus</span> <span class='ocrx_word' id='word_1_241' title='bbox 762 3496 924 3576; x_wconf 77' lang='lat' dir='ltr'>l&#39;ongracz</span> <span class='ocrx_word' id='word_1_242' title='bbox 949 3495 1062 3573; x_wconf 91' lang='lat' dir='ltr'>dictus,</span> <span class='ocrx_word' id='word_1_243' title='bbox 1090 3495 1196 3556; x_wconf 93' lang='lat' dir='ltr'>senior</span> <span class='ocrx_word' id='word_1_244' title='bbox 1221 3495 1341 3574; x_wconf 84' lang='lat' dir='ltr'>juratus</span> <span class='ocrx_word' id='word_1_245' title='bbox 1365 3508 1396 3557; x_wconf 91' lang='lat' dir='ltr'>et</span> <span class='ocrx_word' id='word_1_246' title='bbox 1419 3514 1498 3556; x_wconf 92' lang='lat' dir='ltr'>con·</span> 
     </span>
     <span class='ocr_line' id='line_1_30' title="bbox 239 3601 1500 3682; baseline -0.001 -18"><span class='ocrx_word' id='word_1_247' title='bbox 239 3605 316 3665; x_wconf 92' lang='lat' dir='ltr'>civis</span> <span class='ocrx_word' id='word_1_248' title='bbox 341 3618 457 3679; x_wconf 88' lang='lat' dir='ltr'>noster,</span> <span class='ocrx_word' id='word_1_249' title='bbox 482 3602 577 3663; x_wconf 92' lang='lat' dir='ltr'>debet</span> <span class='ocrx_word' id='word_1_250' title='bbox 601 3601 704 3681; x_wconf 88' lang='lat' dir='ltr'>jurare</span> <span class='ocrx_word' id='word_1_251' title='bbox 732 3603 915 3664; x_wconf 92' lang='lat' dir='ltr'>terciusmet</span> <span class='ocrx_word' id='word_1_252' title='bbox 947 3622 1041 3682; x_wconf 91' lang='lat' dir='ltr'>super</span> <span class='ocrx_word' id='word_1_253' title='bbox 1065 3622 1117 3663; x_wconf 87' lang='lat' dir='ltr'>ara</span> <span class='ocrx_word' id='word_1_254' title='bbox 1150 3616 1258 3663; x_wconf 89' lang='lat' dir='ltr'>sancte</span> <span class='ocrx_word' id='word_1_255' title='bbox 1283 3601 1398 3664; x_wconf 89' lang='lat' dir='ltr'>Crucis</span> <span class='ocrx_word' id='word_1_256' title='bbox 1422 3601 1500 3664; x_wconf 88' lang='lat' dir='ltr'>leria</span> 
     </span>
     <span class='ocr_line' id='line_1_31' title="bbox 238 3706 1504 3791; baseline -0.001 -19"><span class='ocrx_word' id='word_1_257' title='bbox 238 3724 323 3772; x_wconf 83' lang='lat' dir='ltr'>sexta</span> <span class='ocrx_word' id='word_1_258' title='bbox 351 3724 421 3791; x_wconf 92' lang='lat' dir='ltr'>post</span> <span class='ocrx_word' id='word_1_259' title='bbox 446 3723 590 3770; x_wconf 88' lang='lat' dir='ltr'>octavam</span> <span class='ocrx_word' id='word_1_260' title='bbox 624 3708 754 3786; x_wconf 77' lang='lat' dir='ltr'>Pascha,</span> <span class='ocrx_word' id='word_1_261' title='bbox 787 3707 874 3788; x_wconf 89' lang='lat' dir='ltr'>qnod</span> <span class='ocrx_word' id='word_1_262' title='bbox 900 3727 957 3768; x_wconf 92' lang='lat' dir='ltr'>nec</span> <span class='ocrx_word' id='word_1_263' title='bbox 992 3708 1058 3790; x_wconf 90' lang='lat' dir='ltr'>ipse</span> <span class='ocrx_word' id='word_1_264' title='bbox 1084 3728 1141 3769; x_wconf 91' lang='lat' dir='ltr'>nec</span> <span class='ocrx_word' id='word_1_265' title='bbox 1176 3706 1297 3769; x_wconf 84' lang='lat' dir='ltr'>familia</span> <span class='ocrx_word' id='word_1_266' title='bbox 1321 3728 1378 3769; x_wconf 90' lang='lat' dir='ltr'>sua</span> <span class='ocrx_word' id='word_1_267' title='bbox 1403 3708 1504 3771; x_wconf 89' lang='lat' dir='ltr'>ebibit</span> 
     </span>
     <span class='ocr_line' id='line_1_32' title="bbox 238 3813 1501 3896; baseline -0.001 -19"><span class='ocrx_word' id='word_1_268' title='bbox 238 3818 348 3877; x_wconf 88' lang='lat' dir='ltr'>vinum</span> <span class='ocrx_word' id='word_1_269' title='bbox 375 3816 528 3877; x_wconf 85' lang='lat' dir='ltr'>Demetrii</span> <span class='ocrx_word' id='word_1_270' title='bbox 562 3815 678 3875; x_wconf 90' lang='lat' dir='ltr'>sutoris</span> <span class='ocrx_word' id='word_1_271' title='bbox 702 3835 759 3876; x_wconf 89' lang='lat' dir='ltr'>nec</span> <span class='ocrx_word' id='word_1_272' title='bbox 792 3813 952 3896; x_wconf 83' lang='lat' dir='ltr'>perforare</span> <span class='ocrx_word' id='word_1_273' title='bbox 986 3813 1059 3875; x_wconf 87' lang='lat' dir='ltr'>lecit</span> <span class='ocrx_word' id='word_1_274' title='bbox 1083 3835 1147 3891; x_wconf 88' lang='lat' dir='ltr'>vas,</span> <span class='ocrx_word' id='word_1_275' title='bbox 1181 3828 1211 3875; x_wconf 92' lang='lat' dir='ltr'>et</span> <span class='ocrx_word' id='word_1_276' title='bbox 1236 3815 1351 3876; x_wconf 88' lang='lat' dir='ltr'>teleam</span> <span class='ocrx_word' id='word_1_277' title='bbox 1377 3814 1501 3896; x_wconf 85' lang='lat' dir='ltr'>spinam</span> 
     </span>
     <span class='ocr_line' id='line_1_33' title="bbox 239 3920 1502 4002; baseline -0.002 -17"><span class='ocrx_word' id='word_1_278' title='bbox 239 3925 340 3985; x_wconf 90' lang='lat' dir='ltr'>lacere</span> <span class='ocrx_word' id='word_1_279' title='bbox 367 3922 440 3984; x_wconf 88' lang='lat' dir='ltr'>lecit</span> <span class='ocrx_word' id='word_1_280' title='bbox 463 3922 501 3982; x_wconf 89' lang='lat' dir='ltr'>ad</span> <span class='ocrx_word' id='word_1_281' title='bbox 528 3921 654 3982; x_wconf 84' lang='lat' dir='ltr'>foveam</span> <span class='ocrx_word' id='word_1_282' title='bbox 679 3942 734 3982; x_wconf 91' lang='lat' dir='ltr'>seu</span> <span class='ocrx_word' id='word_1_283' title='bbox 760 3920 904 3982; x_wconf 83' lang='lat' dir='ltr'>foramen</span> <span class='ocrx_word' id='word_1_284' title='bbox 929 3920 1021 3998; x_wconf 90' lang='lat' dir='ltr'>vasis,</span> <span class='ocrx_word' id='word_1_285' title='bbox 1046 3941 1119 3981; x_wconf 88' lang='lat' dir='ltr'>cum</span> <span class='ocrx_word' id='word_1_286' title='bbox 1145 3920 1290 4002; x_wconf 91' lang='lat' dir='ltr'>personis</span> <span class='ocrx_word' id='word_1_287' title='bbox 1314 3921 1435 3982; x_wconf 90' lang='lat' dir='ltr'>scilicet</span> <span class='ocrx_word' id='word_1_288' title='bbox 1459 3921 1502 3982; x_wconf 88' lang='lat' dir='ltr'>ci·</span> 
     </span>
     <span class='ocr_line' id='line_1_34' title="bbox 238 4029 609 4092; baseline -0.003 -2"><span class='ocrx_word' id='word_1_289' title='bbox 238 4032 330 4092; x_wconf 88' lang='lat' dir='ltr'>vibus</span> <span class='ocrx_word' id='word_1_290' title='bbox 355 4031 437 4091; x_wconf 88' lang='lat' dir='ltr'>dicte</span> <span class='ocrx_word' id='word_1_291' title='bbox 464 4029 609 4091; x_wconf 88' lang='lat' dir='ltr'>civitatis.</span> 
     </span>
    </p>
   </div>
   <div class='ocr_carea' id='block_1_9' title="bbox 236 4151 1501 4767">
    <p class='ocr_par' dir='ltr' id='par_1_9' title="bbox 236 4151 1501 4557">
     <span class='ocr_line' id='line_1_35' title="bbox 346 4151 1501 4235; baseline -0.001 -20"><span class='ocrx_word' id='word_1_292' title='bbox 346 4156 421 4217; x_wconf 90' lang='lat' dir='ltr'>ltem</span> <span class='ocrx_word' id='word_1_293' title='bbox 447 4155 520 4235; x_wconf 92' lang='lat' dir='ltr'>quia</span> <span class='ocrx_word' id='word_1_294' title='bbox 548 4172 626 4214; x_wconf 85' lang='lat' dir='ltr'>uror</span> <span class='ocrx_word' id='word_1_295' title='bbox 652 4151 810 4213; x_wconf 87' lang='lat' dir='ltr'>Francisci</span> <span class='ocrx_word' id='word_1_296' title='bbox 836 4152 1024 4233; x_wconf 86' lang='lat' dir='ltr'>carpentarii</span> <span class='ocrx_word' id='word_1_297' title='bbox 1043 4153 1137 4214; x_wconf 90' lang='lat' dir='ltr'>debet</span> <span class='ocrx_word' id='word_1_298' title='bbox 1162 4153 1264 4232; x_wconf 86' lang='lat' dir='ltr'>jurare</span> <span class='ocrx_word' id='word_1_299' title='bbox 1289 4153 1426 4215; x_wconf 90' lang='lat' dir='ltr'>solamet</span> <span class='ocrx_word' id='word_1_300' title='bbox 1449 4172 1501 4214; x_wconf 90' lang='lat' dir='ltr'>oc-</span> 
     </span>
     <span class='ocr_line' id='line_1_36' title="bbox 238 4259 1501 4341; baseline -0.001 -19"><span class='ocrx_word' id='word_1_301' title='bbox 238 4278 311 4323; x_wconf 90' lang='lat' dir='ltr'>tavo</span> <span class='ocrx_word' id='word_1_302' title='bbox 337 4262 388 4321; x_wconf 92' lang='lat' dir='ltr'>die</span> <span class='ocrx_word' id='word_1_303' title='bbox 407 4259 475 4321; x_wconf 89' lang='lat' dir='ltr'>lesti</span> <span class='ocrx_word' id='word_1_304' title='bbox 495 4259 754 4320; x_wconf 78' lang='lat' dir='ltr'>Resurreccionis</span> <span class='ocrx_word' id='word_1_305' title='bbox 773 4259 904 4319; x_wconf 91' lang='lat' dir='ltr'>Domini</span> <span class='ocrx_word' id='word_1_306' title='bbox 928 4259 958 4318; x_wconf 95' lang='lat' dir='ltr'>in</span> <span class='ocrx_word' id='word_1_307' title='bbox 977 4279 1029 4319; x_wconf 88' lang='lat' dir='ltr'>ara</span> <span class='ocrx_word' id='word_1_308' title='bbox 1055 4275 1162 4321; x_wconf 88' lang='lat' dir='ltr'>sancte</span> <span class='ocrx_word' id='word_1_309' title='bbox 1180 4259 1304 4338; x_wconf 86' lang='lat' dir='ltr'>Crucis,</span> <span class='ocrx_word' id='word_1_310' title='bbox 1328 4259 1417 4340; x_wconf 92' lang='lat' dir='ltr'>quod</span> <span class='ocrx_word' id='word_1_311' title='bbox 1435 4259 1501 4341; x_wconf 88' lang='lat' dir='ltr'>ipsa</span> 
     </span>
     <span class='ocr_line' id='line_1_37' title="bbox 238 4365 1501 4447; baseline -0.003 -18"><span class='ocrx_word' id='word_1_312' title='bbox 238 4369 342 4430; x_wconf 93' lang='lat' dir='ltr'>nullas</span> <span class='ocrx_word' id='word_1_313' title='bbox 367 4369 469 4428; x_wconf 92' lang='lat' dir='ltr'>minas</span> <span class='ocrx_word' id='word_1_314' title='bbox 494 4367 605 4428; x_wconf 89' lang='lat' dir='ltr'>mortis</span> <span class='ocrx_word' id='word_1_315' title='bbox 636 4365 740 4425; x_wconf 90' lang='lat' dir='ltr'>eidem</span> <span class='ocrx_word' id='word_1_316' title='bbox 774 4365 936 4447; x_wconf 87' lang='lat' dir='ltr'>imposuit,</span> <span class='ocrx_word' id='word_1_317' title='bbox 969 4379 1108 4445; x_wconf 87' lang='lat' dir='ltr'>prestare</span> <span class='ocrx_word' id='word_1_318' title='bbox 1139 4366 1301 4428; x_wconf 91' lang='lat' dir='ltr'>tenebitur</span> <span class='ocrx_word' id='word_1_319' title='bbox 1336 4378 1366 4426; x_wconf 91' lang='lat' dir='ltr'>et</span> <span class='ocrx_word' id='word_1_320' title='bbox 1390 4384 1423 4426; x_wconf 87' lang='lat' dir='ltr'>se</span> <span class='ocrx_word' id='word_1_321' title='bbox 1449 4384 1501 4425; x_wconf 85' lang='lat' dir='ltr'>ex·</span> 
     </span>
     <span class='ocr_line' id='line_1_38' title="bbox 236 4494 382 4557; baseline -0.007 -21"><span class='ocrx_word' id='word_1_322' title='bbox 236 4494 382 4557; x_wconf 86' lang='lat' dir='ltr'>purgare.</span> 
     </span>
    </p>

    <p class='ocr_par' dir='ltr' id='par_1_10' title="bbox 237 4575 1500 4767">
     <span class='ocr_line' id='line_1_39' title="bbox 343 4575 1500 4660; baseline 0 -21"><span class='ocrx_word' id='word_1_323' title='bbox 343 4580 420 4641; x_wconf 92' lang='lat' dir='ltr'>Item</span> <span class='ocrx_word' id='word_1_324' title='bbox 454 4579 528 4660; x_wconf 89' lang='lat' dir='ltr'>quia</span> <span class='ocrx_word' id='word_1_325' title='bbox 563 4576 736 4639; x_wconf 88' lang='lat' dir='ltr'>Katherina</span> <span class='ocrx_word' id='word_1_326' title='bbox 774 4595 852 4636; x_wconf 85' lang='lat' dir='ltr'>uxor</span> <span class='ocrx_word' id='word_1_327' title='bbox 886 4575 1052 4637; x_wconf 89' lang='lat' dir='ltr'>Michaelis</span> <span class='ocrx_word' id='word_1_328' title='bbox 1085 4578 1214 4638; x_wconf 90' lang='lat' dir='ltr'>sartoris</span> <span class='ocrx_word' id='word_1_329' title='bbox 1248 4576 1355 4638; x_wconf 87' lang='lat' dir='ltr'>claudi</span> <span class='ocrx_word' id='word_1_330' title='bbox 1390 4590 1500 4640; x_wconf 88' lang='lat' dir='ltr'>contra</span> 
     </span>
     <span class='ocr_line' id='line_1_40' title="bbox 237 4684 933 4767; baseline -0.004 -18"><span class='ocrx_word' id='word_1_331' title='bbox 237 4688 400 4749; x_wconf 86' lang='lat' dir='ltr'>Thomam</span> <span class='ocrx_word' id='word_1_332' title='bbox 426 4685 627 4767; x_wconf 80' lang='lat' dir='ltr'>Ztrozlcoych</span> <span class='ocrx_word' id='word_1_333' title='bbox 652 4703 716 4745; x_wconf 94' lang='lat' dir='ltr'>non</span> <span class='ocrx_word' id='word_1_334' title='bbox 743 4684 933 4764; x_wconf 92' lang='lat' dir='ltr'>comparuit.</span> 
     </span>
    </p>
   </div>
   <div class='ocr_carea' id='block_1_10' title="bbox 0 0 1748 5272">
    <p class='ocr_par' dir='ltr' id='par_1_11' title="bbox 0 0 1748 5272">
     <span class='ocr_line' id='line_1_41' title="bbox 0 0 1748 5272; baseline 0 1"><span class='ocrx_word' id='word_1_335' title='bbox 0 0 1748 5272; x_wconf 95' lang='lat' dir='ltr'> </span> 
     </span>
    </p>
   </div>
  </div>
 </body>
</html>
