3488 5272
241 312 257 353 2
264 312 302 372 5²
643 296 729 353 Anno
752 292 846 372 [464.
871 328 912 336 -
936 291 987 354 18.
1011 294 1091 354 maii.

348 507 425 569 ltem
452 527 579 568 causam
606 507 688 569 inter
713 506 926 568 Laurencium
961 506 1152 567 modernum
1184 506 1335 568 comitem
1360 519 1506 567 nostrum

239 629 270 677 et
295 615 457 676 Andream
484 629 514 677 et
539 614 750 676 Benedictum
776 614 909 675 comites
927 613 1074 675 similiter
1099 627 1225 674 nostros
1249 613 1325 676 anni
1352 612 1506 695 preteriti,

239 722 367 783 racione
392 722 625 783 combustionis
649 721 829 783 stacionum
847 733 1026 781 nostrarum
1053 720 1288 798 communium,
1312 738 1368 802 per
1384 718 1505 800 juratos

240 827 457 908 adjudicatam
491 840 522 889 et
555 847 611 909 per
634 826 774 909 prelatos
806 827 969 888 Andream
1003 838 1033 888 et
1066 826 1276 888 Benedictum
1309 826 1348 887 ad
1373 845 1432 887 nos
1455 846 1505 888 se·

243 935 349 996 niores
373 934 495 1016 judices
519 934 724 1017 appellatam,
748 953 807 995 nos
832 934 975 995 seniores
1003 933 1125 1013 judices
1148 932 1234 1012 juxta
1259 945 1408 994 contenta
1432 933 1504 994 lite·

238 1061 345 1102 rarum
378 1055 558 1103 nostrarum
591 1040 802 1119 comitalium,
828 1041 859 1101 in
892 1040 1010 1120 quibus
1041 1039 1229 1122 reperimus,
1262 1038 1399 1120 quodsi
1426 1038 1503 1121 ipsis

238 1147 371 1229 aliquod
404 1148 536 1229 dampni
568 1148 737 1227 contigerit
769 1147 897 1208 racione
930 1147 1187 1224 communitatis,
1224 1146 1337 1208 eadem
1361 1147 1501 1228 dampna

239 1257 454 1317 communitas
478 1255 598 1317 eisdem
624 1253 795 1317 refundere
812 1268 982 1332 teneretur,
1003 1267 1034 1315 et
1058 1273 1259 1330 econverso,
1285 1273 1347 1334 que
1364 1253 1503 1335 dampna

239 1382 296 1445 per
320 1363 406 1444 ipsos
432 1362 566 1424 comites
590 1361 753 1422 Andream
773 1375 802 1423 et
828 1360 1039 1422 Benedictum
1057 1361 1124 1421 sine
1150 1360 1230 1421 scitu
1255 1374 1285 1421 et
1309 1359 1504 1421 admissione

241 1469 481 1532 communitatis
513 1488 569 1530 seu
604 1468 829 1529 communitati
863 1467 961 1543 illata,
995 1467 1053 1548 ipsi
1089 1467 1234 1528 Andreas
1258 1480 1288 1528 et
1312 1466 1505 1529 Benedictus

239 1577 344 1638 eidem
370 1575 594 1637 communitati
619 1588 726 1635 nostre
759 1571 927 1635 refundere
956 1574 1162 1651 tenebuntur,
1194 1586 1224 1633 et
1249 1572 1336 1652 quod
1363 1572 1422 1654 ipsi
1448 1591 1501 1632 co·

241 1684 333 1744 mites
358 1702 448 1743 reum
472 1702 528 1743 seu
553 1679 792 1742 malefactorem
819 1680 960 1762 ipsorum
986 1699 1044 1761 pro
1072 1679 1212 1761 ipsorum
1237 1678 1378 1760 dampno
1396 1677 1503 1758 requi·

241 1810 308 1851 rere
336 1804 486 1872 poterunt
508 1803 538 1850 et
562 1789 732 1862 valebunt;
770 1788 808 1847 de
834 1807 900 1868 quo
932 1787 1052 1867 judicio
1084 1800 1193 1847 nostro
1219 1784 1332 1867 prefati
1357 1784 1503 1846 Andreas

241 1911 272 1957 et
297 1897 491 1958 Benedictus
515 1896 648 1957 comites
672 1895 747 1955 anni
773 1894 913 1975 preteriti
932 1893 971 1954 ad
993 1891 1199 1974 magnificum
1224 1892 1411 1973 magistrum
1435 1891 1504 1952 tha·

240 2003 453 2064 warnicorum
479 2002 566 2083 regie
592 2001 766 2063 Maiestatis
790 2000 1011 2082 appellassent.

347 2108 423 2170 ltem
458 2109 648 2170 Dominicus
680 2106 819 2169 carnifex
844 2106 1035 2167 secundario
1068 2107 1181 2167 citatus
1213 2119 1322 2166 contra
1349 2102 1502 2166 Mathiam

241 2214 438 2296 Tergowecz
464 2235 528 2276 non
553 2216 733 2297 comparuit
751 2215 782 2275 in
808 2214 927 2293 judicio
952 2233 1059 2274 coram
1085 2213 1186 2274 nobis.

267 2415 363 2489 Feria
392 2428 489 2489 sexta
519 2420 671 2507 proxima
701 2426 777 2507 post
812 2418 932 2488 sestam
962 2419 1135 2487 beatorum
1166 2412 1260 2486 Nerei
1290 2421 1322 2484 et
1350 2410 1476 2484 Achilei

780 2544 970 2613 martirum.

780 2692 843 2768 (18.
869 2698 962 2767 artari).

346 2835 423 2895 ltem
449 2836 480 2896 in
507 2855 599 2896 causa
618 2835 699 2896 inter
724 2835 850 2897 fratrem
871 2837 1044 2907 Matrinum
1067 2834 1231 2895 custodem
1258 2834 1383 2894 claustri
1402 2833 1500 2893 sancti

240 2939 410 3013 Francisci‚
443 2942 598 3021 Zagrabie
632 2941 767 3019 fundati,
800 2943 927 3003 racione
963 2942 1078 3001 domus
1111 2942 1142 3001 in
1176 2941 1288 3001 eadem
1313 2941 1440 3001 civitate
1472 2953 1502 2999 et

238 3047 504 3127 circumspectum
539 3050 640 3108 virum
675 3049 853 3110 iohannem
888 3050 1015 3124 Bolsak,
1048 3050 1206 3108 seniorem
1241 3048 1391 3127 judicem,
1416 3047 1500 3127 juxta

239 3154 500 3215 commissionem
525 3154 647 3214 domini
684 3156 781 3215 nostri
808 3156 890 3236 regis
923 3155 1129 3216 literatoriam
1156 3155 1304 3215 dedimus
1328 3155 1500 3215 terminum

239 3260 297 3340 ipsi
324 3259 461 3319 lohanni
488 3261 614 3337 Bolsalt,
649 3275 682 3322 ut
707 3262 772 3342 ipse
805 3277 949 3322 teneatur
982 3261 1157 3341 producere
1191 3262 1256 3334 jura
1290 3282 1345 3321 sua
1383 3262 1500 3341 quibus

238 3365 455 3426 mediantibus
480 3367 546 3446 ipse
571 3368 712 3447 possidet
738 3368 870 3428 domum
891 3367 1065 3448 predictam
1092 3368 1203 3447 inqua
1230 3366 1394 3437 inhabitat,
1413 3367 1499 3426 vidc-

239 3472 312 3531 licet
336 3471 527 3551 vigesimum
553 3474 701 3552 quintum
727 3474 812 3533 diem
846 3474 996 3533 videlicet
1029 3488 1173 3553 quartam
1200 3472 1310 3534 leriam
1337 3488 1456 3533 sextam
1483 3494 1498 3533 a

238 3576 310 3638 data
335 3579 535 3657 presencium
560 3594 630 3659 post
655 3600 721 3639 sese
747 3581 960 3640 communiter
984 3594 1165 3640 venturum.

346 3684 422 3744 ltem
448 3705 574 3746 causam
609 3687 690 3747 inter
724 3687 858 3747 l'aulum
892 3687 1072 3748 carnificem
1107 3687 1280 3767 lagatbych
1307 3687 1438 3762 dictum,
1471 3702 1501 3747 et

238 3789 440 3851 Anthonium
467 3791 656 3874 Oprasnycb
675 3793 807 3871 dictum,
832 3795 1023 3854 modernum
1043 3794 1191 3870 juratum,
1217 3794 1308 3853 datus
1333 3810 1376 3854 est
1395 3795 1498 3854 eidem

238 3899 393 3959 terminus
418 3901 504 3979 quod
532 3900 722 3980 respondeat
748 3901 779 3960 in
813 3901 917 3980 primo
942 3900 1062 3979 judicio
1096 3901 1160 3981 ipse
1186 3900 1369 3961 Antltonius
1395 3900 1498 3961 eidem

240 4004 340 4067 Paulo
373 4005 548 4088 lagatbych
582 4007 709 4066 racione
742 4007 989 4087 vituperacionis
1021 4022 1051 4068 et
1083 4007 1153 4067 aliis
1185 4026 1247 4087 que
1289 4007 1355 4087 ipse
1382 4006 1499 4066 Paulus

238 4124 347 4171 contra
374 4111 478 4192 ipsum
504 4113 681 4192 proposuit.

344 4218 421 4280 ltem
454 4239 580 4281 causam
615 4221 695 4280 inter
729 4221 993 4302 circumspectum
1028 4222 1130 4281 virum
1165 4222 1324 4281 Marinum
1350 4221 1428 4281 alias
1453 4220 1497 4294 ju·

238 4326 353 4401 dicem,
380 4346 464 4387 nunc
488 4327 590 4388 civem
617 4328 837 4406 Segniensem,
862 4342 892 4389 et
910 4329 1075 4388 dominam
1096 4328 1328 4407 Margaretham
1355 4328 1497 4387 relictam

238 4432 375 4493 condam
410 4433 505 4494 Blasii
539 4433 718 4514 Wgrinich,
752 4432 843 4512 jurati
877 4434 961 4513 juxta
995 4435 1202 4495 literatoriam
1237 4435 1497 4495 commissionem

238 4539 361 4599 domini
376 4540 458 4619 regis
482 4540 609 4602 racione
634 4540 847 4621 quarumdam
865 4541 1043 4601 stacionum
1069 4555 1097 4601 et
1116 4541 1231 4602 domus
1256 4555 1285 4601 et
1311 4540 1496 4615 fundorum,

239 4644 331 4706 datus
356 4660 402 4707 est
425 4646 581 4707 terminus
606 4646 663 4728 ipsi
689 4646 820 4708 domine
847 4645 1019 4708 Katberine
1048 4647 1156 4709 relicte
1181 4646 1405 4728 quindecimus
1430 4648 1497 4707 dics

238 4750 457 4813 demonstrare
482 4752 549 4833 jura
574 4753 692 4833 quibus
715 4752 931 4814 mediantibus
956 4753 1096 4834 possidet
1127 4752 1255 4815 easdem
1280 4753 1437 4814 staciones
1461 4773 1496 4814 ac

239 4855 355 4920 domos
378 4872 529 4938 muratas,
553 4859 586 4921 in
610 4857 730 4941 judicio
754 4878 862 4921 coram
886 4859 990 4921 nobis.
