3488 5272
238 308 300 390 278
625 309 825 389 Ann01465.
851 345 890 355 —
914 326 945 389 4.
969 313 1097 373 octobres.
1188 363 1192 370 .

238 523 341 604 platee
366 535 509 583 sutorum
527 542 583 604 per
607 523 740 583 comites
758 522 842 584 Cifie
859 523 983 585 literam
1005 537 1111 585 nostre
1128 523 1369 586 communitatis
1393 536 1424 586 et
1447 544 1506 586 eo·

237 645 312 692 tunc
330 629 446 710 judicis
470 648 533 690 non
560 629 752 706 extraxisset,
777 629 851 691 ideo
873 650 932 690 nos
960 630 1098 691 eundem
1115 628 1251 692 fundum
1276 631 1380 693 eidem
1407 631 1505 694 Eme·

241 736 307 798 rico
332 750 362 798 et
386 736 452 797 suis
474 735 647 797 heredibus
670 755 707 796 ex
732 735 894 817 premissis
917 736 1096 798 statuimus.

345 862 422 924 Item
447 880 574 923 causam
600 862 681 922 iuter
706 860 898 943 Dyonisium
928 860 1125 923 aurifabrum
1158 876 1189 924 et
1214 862 1295 924 inter
1320 861 1502 923 Johannem

240 968 425 1051 Perowych,
449 968 609 1029 seniorem
635 967 775 1048 judicem
800 983 831 1029 et
862 968 1028 1029 concivem
1054 983 1211 1047 nostrum,
1236 967 1302 1049 ipse
1329 967 1505 1050 Dyonisius

240 1075 350 1137 fuisset
373 1094 430 1156 per
454 1074 695 1135 ordinacionem
723 1073 867 1135 eiusdem
900 1089 1021 1156 captus,
1049 1094 1107 1136 nec
1132 1074 1198 1157 ipse
1235 1073 1294 1156 ipsi
1319 1072 1442 1155 aliquid
1467 1073 1509 1134 de

241 1183 336 1244 rebus
359 1182 425 1243 suis
448 1181 621 1258 habuisset,
653 1181 808 1242 solusmet
841 1179 918 1241 feria
950 1193 1035 1242 sexta
1067 1181 1211 1262 proxime
1237 1194 1371 1242 ventura
1396 1180 1427 1240 in
1452 1198 1506 1241 ara

239 1302 346 1351 sancte
371 1289 484 1350 Crucis
507 1287 611 1367 jurare
635 1287 807 1364 tenebitur,
831 1301 970 1369 prestare
995 1287 1167 1349 tenebitur.

348 1412 425 1474 item
450 1412 542 1493 jurati
568 1412 653 1491 juxta
682 1411 942 1472 commissionem
976 1411 1185 1473 literatoriam
1217 1410 1304 1491 regie
1329 1410 1505 1473 Maiestatis

241 1519 434 1601 Dyonisium
459 1515 655 1579 aurifabrum
681 1518 713 1577 in
739 1517 872 1578 domum
898 1537 953 1578 seu
972 1518 1065 1578 civile
1089 1536 1183 1578 suum
1209 1518 1239 1578 in
1268 1517 1351 1578 dicta
1375 1516 1505 1579 civitate

242 1627 382 1688 habitam
409 1640 439 1686 et
464 1626 652 1686 existentem
676 1624 780 1686 eidem
806 1638 944 1687 statuere
977 1625 1223 1703 commisissent,
1248 1639 1279 1685 et
1304 1625 1328 1684 si
1354 1625 1426 1705 quis
1449 1624 1507 1686 ali·

241 1733 319 1814 quid
345 1733 473 1793 racione
497 1732 580 1793 dicte
612 1731 729 1792 domus
760 1747 790 1792 et
820 1732 911 1792 fundi
944 1731 1067 1812 aliquid
1092 1732 1225 1792 haberet
1257 1744 1365 1792 contra
1398 1731 1504 1812 ipsum

243 1839 445 1921 Dyonisium,
471 1839 531 1900 hoc
549 1853 760 1918 prosequatur
785 1858 891 1899 coram
916 1839 1009 1899 uobis
1026 1838 1149 1917 justicia
1167 1837 1339 1915 mediante,
1364 1850 1394 1899 et
1411 1837 1504 1899 datus

242 1960 288 2006 est
311 1946 465 2006 terminus
497 1944 536 2004 de
569 1944 652 2005 dicta
692 1945 790 2004 domo
827 1945 889 2005 illis
921 1960 951 2006 et
983 1965 1030 2005 res
1062 1945 1101 2006 de
1134 1944 1232 2005 domo
1266 1943 1319 2004 illa
1361 1944 1506 2024 excipere

242 2051 389 2112 debeant.

348 2157 425 2217 Item
451 2176 578 2218 causam
604 2157 685 2217 iuter
711 2156 920 2218 Benedictum
948 2156 1075 2218 Gerdak
1101 2158 1222 2220 dictum
1252 2172 1283 2218 et
1307 2157 1388 2217 inter
1413 2156 1507 2216 Eme·

243 2265 343 2325 ricum
377 2262 599 2344 Sydowchych
632 2263 759 2324 racione
792 2262 958 2323 cuiusdam
991 2261 1065 2325 furti
1107 2264 1302 2345 suspicionis
1341 2261 1506 2324 cuiusdam

244 2369 319 2447 feni,
344 2384 374 2430 et
399 2370 474 2449 quia
500 2370 566 2450 ipse
592 2370 784 2429 Benedictus
806 2368 864 2429 fuit
885 2370 1049 2430 convictus
1068 2391 1123 2451 per
1147 2384 1242 2431 testes
1259 2369 1346 2451 quod
1365 2369 1396 2429 in
1415 2367 1507 2430 nullo

244 2476 348 2537 eidem
375 2476 406 2535 in
432 2476 501 2543 ipso
527 2475 600 2535 feno
626 2474 794 2556 culpabilis
818 2476 981 2553 extitisset,
1015 2476 1088 2536 ideo
1115 2478 1181 2558 ipse
1207 2476 1336 2538 Gerdak
1361 2490 1406 2536 est
1431 2495 1507 2537 con·

243 2582 345 2643 victus
370 2582 401 2641 in
435 2582 508 2641 vivo
541 2580 693 2660 homagio
725 2581 829 2642 eidem
863 2582 1012 2643 Emerico
1044 2597 1074 2642 et
1105 2582 1193 2664 quod
1220 2581 1353 2643 ulterius
1378 2580 1505 2642 nullum

248 2687 414 2748 hominem
440 2687 470 2746 in
496 2687 579 2747 dicta
604 2687 730 2747 civitate
755 2687 959 2767 adipiscetur.

351 2813 426 2873 Item
454 2812 590 2871 Barbara
609 2831 739 2871 consors
764 2811 955 2873 Christofori
972 2811 1129 2891 seiliparis
1153 2813 1258 2892 primo
1283 2812 1377 2873 citata
1396 2825 1507 2873 contra

244 2920 395 2981 Vrsulam
422 2934 602 2980 consortem
629 2918 749 2979 Mathie
784 2919 926 3000 fiensych
953 2939 1016 2979 non
1051 2920 1230 2999 comparuit
1255 2919 1285 2979 in
1312 2918 1431 2997 judicio
1456 2938 1508 2980 co·

245 3045 311 3087 ram
339 3026 441 3087 nobis.

274 3260 369 3334 feria
399 3271 496 3333 sexta
526 3264 678 3350 proxima
713 3272 784 3349 post
817 3263 938 3333 festum
959 3262 1048 3333 beati
1078 3264 1249 3333 Michaelis
1278 3264 1482 3349 archangeli,

651 3407 735 3457 anno
765 3384 945 3457 ttcccctx
974 3389 1100 3475 quinto.

773 3570 816 3634 (4.
841 3556 985 3631 octobris).

354 3716 430 3777 ltem
456 3736 582 3776 causam
610 3717 690 3775 inter
715 3717 901 3795 magistrum
928 3716 1105 3776 Johaunem
1136 3718 1175 3775 de
1200 3716 1327 3798 Aptuya
1352 3731 1506 3779 restorem

247 3842 387 3904 purpure
413 3837 442 3882 et
468 3822 564 3882 veluti
591 3823 689 3899 aurei,
727 3837 760 3882 ut
792 3837 930 3883 actorem
965 3823 1003 3881 ab
1030 3842 1102 3899 urta,
1128 3837 1156 3882 et
1183 3824 1263 3882 inter
1297 3823 1438 3884 relictam
1472 3844 1508 3884 ac

249 3927 332 3989 filios
356 3929 493 3988 condam
520 3928 643 3988 Nicolai
677 3927 840 4005 aurifabri,
873 3928 995 4009 pridem
1031 3927 1144 4005 iudicis
1177 3943 1205 3988 et
1231 3930 1372 3989 concivis
1397 3930 1507 4007 nostri,

247 4035 390 4117 partibus
414 4037 453 4094 ab
478 4035 587 4111 altera,
620 4049 651 4094 ut
678 4035 707 4093 in
742 4054 868 4095 causam
894 4050 1052 4111 attractos,
1085 4055 1191 4094 coram
1219 4036 1371 4095 nobisne
1396 4034 1506 4113 juratis

248 4156 380 4218 motam,
406 4142 540 4201 eandem
565 4161 693 4201 causam
728 4161 826 4221 usque
859 4142 996 4221 primum
1029 4141 1181 4215 iudicium
1215 4142 1365 4201 duximus
1396 4161 1506 4222 proro-

248 4247 386 4329 gandam
406 4248 521 4321 taliter,
549 4262 581 4307 ut
608 4247 664 4326 ipsi
696 4246 751 4307 filii
783 4248 881 4328 ipsius
911 4248 1035 4307 Nicolai
1054 4246 1120 4323 jura
1151 4248 1291 4329 ipsorum
1317 4248 1431 4308 eodem
1457 4247 1508 4308 die

249 4353 425 4435 producere
459 4368 643 4430 teneantur,
683 4354 800 4434 quibus
837 4354 1052 4414 mediantibus
1086 4354 1142 4434 ipsi
1177 4355 1309 4414 domum
1351 4369 1507 4415 muratam

250 4461 280 4521 in
315 4460 398 4521 dicta
423 4460 551 4520 civitate
584 4459 736 4535 habitum,
768 4460 807 4519 ad
840 4478 936 4539 quam
967 4459 1033 4534 iura
1067 4460 1133 4541 ipse
1166 4462 1315 4540 magister
1347 4460 1509 4521 iohannes

249 4566 356 4643 habet,
380 4566 558 4647 producere
583 4584 689 4626 corant
709 4564 801 4625 uobis
825 4578 1002 4641 teneantur,
1023 4565 1167 4645 afioquin
1186 4566 1271 4644 juxta
1297 4566 1507 4628 literatorium

249 4672 436 4734 mandatum
462 4672 549 4754 regie
574 4670 749 4734 Maiestatis
773 4671 854 4731 inter
878 4684 983 4752 partes
1006 4671 1163 4753 predictas
1185 4672 1339 4751 judicium
1366 4687 1397 4733 et
1420 4673 1507 4754 justi-

249 4779 330 4840 ciam
357 4776 510 4841 faciemus
534 4792 629 4859 prout
653 4777 785 4838 dictabit
808 4777 889 4838 ordo
915 4775 999 4852 iuris.
