3488 5272
256 272 298 334 90
672 258 759 315 Anno
781 269 870 336 1455.
896 292 938 301 -
960 272 991 320 2.
1014 261 1094 321 maii.

255 465 361 546 jurati,
385 468 460 530 dicti
478 467 735 552 Fudriehewych
753 469 849 531 hodie
879 472 1090 553 proponebat,
1107 491 1144 532 ex
1162 491 1201 533 eo
1218 472 1294 553 quia
1319 472 1386 554 ipsa
1403 472 1519 535 Vrsula

255 592 339 634 nunc
370 574 410 635 ad
445 576 582 638 Romani
615 596 747 659 peregre
779 576 921 658 profecta
945 591 1002 656 est,
1031 597 1133 659 usque
1164 578 1338 640 adventurn
1371 579 1516 641 eiusdem

253 679 366 742 Vrsule
391 682 534 744 mulieris
549 682 589 745 de
613 683 729 763 Roma,
753 697 807 746 aut
824 683 891 765 ipsa
908 683 1030 745 ibidem
1047 684 1205 746 moriente
1222 703 1323 766 usque
1339 685 1516 748 adventum

252 786 414 849 sociorum
438 789 507 849 eius
530 787 570 850 de
594 788 706 850 eadem
739 790 844 852 Roma
867 790 1017 872 primitus
1041 790 1103 852 deo
1136 790 1231 853 dante
1255 789 1409 870 fiendum,
1433 804 1517 854 statu

253 894 283 954 in
310 894 425 957 eodem
451 908 481 957 et
505 896 644 978 birsagio
676 897 797 978 absque
825 897 914 958 omni
947 894 1082 959 fecimus
1105 917 1297 979 prorogare3
1330 898 1380 960 cui
1405 916 1516 980 proro-

250 1000 377 1080 gacioni
402 1001 501 1083 ipsius
533 1022 627 1064 cause
657 1023 713 1085 per
736 1022 795 1065 nos
827 1001 907 1064 facte
932 1003 999 1085 ipse
1032 1002 1175 1065 Mathesa
1208 1023 1301 1065 suum
1327 1004 1515 1066 benivolum

251 1126 443 1170 consensum
468 1110 596 1191 prebuit
619 1111 737 1191 pariter
760 1123 792 1171 et
815 1130 991 1172 assensum.

356 1215 433 1278 Item
460 1217 615 1278 Martinus
646 1216 749 1279 dictus
782 1216 964 1278 Kordinacz
996 1216 1081 1278 filius
1113 1217 1212 1279 Lucie
1237 1217 1374 1300 pistricis
1405 1231 1514 1280 contra

250 1320 426 1403 Georgium
452 1323 632 1407 Dragawyn
658 1324 762 1406 primo
787 1324 901 1386 citatus
925 1342 990 1384 non
1016 1324 1206 1406 comparuit.

354 1429 431 1491 Item
458 1429 634 1512 Gregorius
659 1431 802 1492 Percerta
836 1443 945 1492 contra
971 1427 1149 1511 Georgium
1182 1430 1366 1493 sellatorem
1390 1430 1512 1492 dictum

249 1533 359 1616 Gurga
384 1537 489 1618 primo
513 1537 627 1599 citatus
651 1556 714 1599 non
740 1537 930 1619 comparuit.

356 1643 431 1705 ltem
458 1643 569 1704 Petrus
593 1644 738 1706 Kathana
771 1657 880 1706 contra
907 1642 1069 1725 Mathyam
1104 1657 1245 1705 sutorem
1270 1643 1375 1725 primo
1398 1642 1512 1705 citatus

247 1768 312 1810 non
339 1751 527 1832 comparuit.

353 1856 429 1918 ltem
456 1856 564 1919 Gurak
591 1856 685 1918 frater
710 1858 818 1938 Egidii
843 1856 1000 1918 carnificis
1024 1870 1133 1918 contra
1160 1856 1345 1938 Philippum
1368 1869 1510 1918 sutorem

247 1963 277 2023 in
304 1963 409 2045 primo
426 1963 547 2043 judicio
572 1965 716 2047 proxime
734 1964 912 2026 occurrenti
931 1964 970 2024 ad
988 1963 1114 2045 objecta
1139 1963 1239 2044 ipsius
1264 1962 1404 2045 Philippi
1421 1977 1509 2024 tene·

245 2068 330 2131 bitur
354 2069 558 2153 respondere.

350 2176 428 2239 ltem
461 2196 588 2238 causam
614 2178 712 2239 Marci
745 2177 801 2240 filii
835 2177 990 2239 iohannis
1023 2178 1062 2239 de
1096 2175 1226 2254 Chawa,
1256 2189 1290 2237 ut
1320 2176 1446 2252 actoris,
1478 2190 1510 2237 et

246 2282 337 2343 Pauli
363 2281 526 2362 aurifabri,
550 2283 643 2364 jurati
668 2284 713 2345 sic
740 2284 1016 2364 adjudicaverunt,
1043 2298 1078 2345 ut
1101 2284 1169 2365 ipse
1186 2282 1313 2343 Marcus
1337 2282 1420 2364 ipsas
1435 2301 1508 2344 suas

246 2388 403 2450 sessiones
427 2389 657 2471 jobagionales,
683 2410 780 2472 penes
809 2404 909 2452 metas
929 2391 960 2452 in
994 2389 1156 2470 regalibus
1179 2389 1279 2450 literis
1303 2401 1509 2470 expressatas,

245 2495 340 2558 debet
364 2496 449 2558 licite
474 2509 505 2557 et
521 2497 601 2578 juste
626 2497 802 2579 possidere,
820 2513 850 2560 et
868 2498 934 2580 ipse
959 2497 1078 2558 Paulus
1095 2496 1256 2558 aurifaber
1279 2514 1338 2578 pro
1363 2494 1508 2576 eoquod

243 2602 343 2684 ipsam
377 2622 472 2664 unam
508 2619 631 2685 partem
658 2604 756 2686 ipsius
787 2605 883 2665 unius
910 2603 1061 2664 sessionis
1092 2601 1262 2684 occupavit
1294 2601 1375 2663 ultra
1406 2615 1507 2664 metas

243 2709 342 2791 ipsius
367 2709 476 2788 Marci,
494 2711 646 2772 remansit
671 2711 701 2771 in
720 2710 805 2772 facto
830 2710 999 2792 potencie;
1023 2709 1063 2770 de
1080 2728 1146 2790 quo
1159 2707 1279 2790 judicio
1303 2708 1372 2789 ipse
1389 2706 1507 2769 Paulus

242 2815 403 2877 aurifaber
420 2836 484 2877 non
509 2831 678 2878 contentus
695 2818 871 2899 appellavit
888 2818 920 2878 in
938 2817 1135 2899 presenciam
1160 2814 1325 2876 seniorum
1349 2813 1505 2895 judicium

241 2943 299 3004 pro
325 2923 449 2985 meliori
477 2923 575 3005 ipsius
599 2943 692 2985 cause
717 2924 1001 2985 determinacione.

346 3030 423 3090 Item
449 3030 541 3108 jurati
567 3029 832 3109 adjudicaverunt
856 3050 985 3091 causam
1020 3031 1100 3092 inter
1127 3029 1340 3091 laurencium
1366 3028 1507 3109 juratum

241 3150 271 3196 et
298 3136 379 3197 inter
397 3136 575 3197 iohannem
594 3150 747 3198 sartorem
765 3157 919 3216 generum
939 3137 1103 3198 Benedicti
1122 3133 1306 3219 Wenthych
1325 3133 1379 3196 tali
1397 3133 1507 3212 modu,

241 3256 276 3301 ut
301 3242 365 3323 ipse
393 3242 587 3303 laurencius
620 3243 740 3324 juratus
765 3242 847 3322 justo
872 3243 971 3303 modo
1003 3243 1120 3324 pignus
1154 3242 1283 3324 recepit,
1308 3240 1374 3322 ipse
1398 3254 1506 3302 autem

243 3346 404 3408 lohannes
428 3368 486 3428 pro
511 3368 549 3409 eo
582 3349 669 3429 quod
703 3368 767 3409 non
801 3349 981 3430 comparuit
1008 3369 1116 3409 coram
1149 3348 1264 3429 jura10,
1288 3346 1440 3408 remansit
1472 3346 1504 3407 in

241 3454 380 3534 birsagio
405 3469 556 3516 consueto
590 3470 618 3516 et
644 3455 674 3515 in
707 3456 873 3517 solucione
895 3455 1011 3516 decimi
1045 3454 1188 3531 denarii,
1213 3466 1244 3514 et
1267 3472 1326 3535 pro
1350 3472 1389 3515 eo
1414 3452 1502 3533 quod

241 3580 305 3622 non
332 3561 390 3622 fuit
415 3575 583 3623 contentus
608 3563 646 3623 dc
671 3561 791 3641 judicio
817 3562 941 3623 Nicolai
976 3561 1089 3639 judicis
1113 3574 1144 3622 et
1175 3560 1350 3643 appellavit
1374 3559 1406 3621 in
1433 3579 1504 3642 pre·

238 3668 378 3728 sensiam
404 3668 546 3745 judicum
572 3683 602 3729 et
627 3668 802 3746 juratorum
837 3670 867 3729 in
897 3670 1072 3750 pretorium
1106 3682 1136 3729 et
1162 3668 1281 3728 ibidem
1305 3685 1362 3749 per
1385 3665 1505 3747 iuratos

239 3775 270 3833 in
295 3776 436 3855 pretorio
454 3776 694 3835 communitatis
719 3777 797 3836 etin
821 3776 988 3855 judiciaria
1005 3776 1079 3836 sede
1097 3789 1203 3836 nostra
1228 3774 1366 3856 presenti
1385 3772 1503 3835 eodem

239 3881 337 3941 modo
362 3880 578 3960 adjudicatum
612 3897 657 3942 est
681 3883 761 3943 sicut
794 3884 860 3964 ipse
892 3883 988 3962 judex
1020 3881 1225 3962 adjudicavit,
1262 3880 1368 3942 eidem
1400 3879 1500 3960 judici

237 3988 388 4047 remansit
413 3988 442 4047 in
473 3988 612 4068 birsagio
645 4003 814 4063 consvet03
848 3989 886 4050 de
920 4009 985 4069 quo
1011 3989 1130 4068 judicio
1156 3989 1222 4070 ipse
1248 3988 1410 4049 lohannes
1434 3984 1500 4049 iton

238 4108 405 4153 contentus
423 4095 595 4175 appellavit
614 4095 748 4154 eandem
767 4115 893 4156 causam
913 4097 943 4156 in
963 4096 1159 4176 presenciam
1177 4095 1341 4156 seniorum
1358 4094 1501 4176 judicum

236 4219 293 4280 pro
319 4201 442 4260 meliori
470 4202 568 4281 ipsius
593 4221 686 4261 cause
712 4203 996 4263 determinacione.

344 4306 419 4366 ltem
447 4306 523 4367 feria
549 4324 659 4388 quarta
679 4310 822 4389 proxima
849 4324 921 4370 ante
947 4308 1062 4370 festum
1081 4310 1171 4370 beate
1198 4309 1298 4370 Elene
1323 4308 1444 4389 regine,
1460 4308 1502 4370 ad

238 4431 334 4491 quam
359 4413 501 4473 seniores
533 4414 654 4492 judices
686 4435 811 4474 causam
846 4417 1024 4476 sessionum
1051 4416 1149 4476 Marci
1184 4413 1503 4496 Chawschaltowych

237 4518 318 4578 inter
344 4518 447 4600 ipsum
474 4536 502 4580 et
531 4522 611 4581 inter
638 4522 772 4582 l‘uulum
791 4520 987 4583 aurifabrum
1011 4523 1152 4583 habitam
1171 4535 1201 4583 et
1225 4541 1280 4604 per
1306 4520 1425 4598 juratos
1441 4540 1500 4581 nu·

236 4625 373 4704 perrime
399 4626 625 4705 adjudicatam,
651 4649 746 4709 quam
774 4629 839 4709 ipse
866 4630 983 4689 Paulus
1009 4630 1039 4690 in
1066 4629 1265 4709 presenciam
1294 4628 1436 4710 ipsorum
1453 4647 1501 4688 se·

237 4731 364 4792 niorum
390 4732 532 4813 judicum
558 4755 615 4817 pro
634 4736 759 4797 meliori
786 4736 884 4817 ipsius
901 4756 994 4798 cause
1021 4736 1257 4798 deliberacione
1275 4735 1502 4818 appellaverat,
