<?xml version="1.0" encoding="UTF-8"?>
<!DOCTYPE html PUBLIC "-//W3C//DTD XHTML 1.0 Transitional//EN"
    "http://www.w3.org/TR/xhtml1/DTD/xhtml1-transitional.dtd">
<html xmlns="http://www.w3.org/1999/xhtml" xml:lang="en" lang="en">
 <head>
  <title>
</title>
<meta http-equiv="Content-Type" content="text/html;charset=utf-8" />
  <meta name='ocr-system' content='tesseract 3.04.00' />
  <meta name='ocr-capabilities' content='ocr_page ocr_carea ocr_par ocr_line ocrx_word'/>
</head>
<body>
  <div class='ocr_page' id='page_1' title='image "./monumentahistor07laszgoog_0340.png"; bbox 0 0 3488 5272; ppageno 0'>
   <div class='ocr_carea' id='block_1_1' title="bbox 242 330 1098 413">
    <p class='ocr_par' dir='ltr' id='par_1_1' title="bbox 242 330 1098 413">
     <span class='ocr_line' id='line_1_1' title="bbox 242 330 1098 413; baseline 0.001 -23"><span class='ocrx_word' id='word_1_1' title='bbox 242 331 303 413; x_wconf 82' lang='lat'>276</span> <span class='ocrx_word' id='word_1_2' title='bbox 654 330 854 410; x_wconf 75' lang='lat' dir='ltr'><em>Ann01465.</em></span> <span class='ocrx_word' id='word_1_3' title='bbox 882 366 922 374; x_wconf 91' lang='lat'><em>-</em></span> <span class='ocrx_word' id='word_1_4' title='bbox 946 344 996 409; x_wconf 82' lang='lat'>27.</span> <span class='ocrx_word' id='word_1_5' title='bbox 1013 334 1098 408; x_wconf 81' lang='lat' dir='ltr'>julii.</span> 
     </span>
    </p>
   </div>
   <div class='ocr_carea' id='block_1_2' title="bbox 239 542 1512 4663">
    <p class='ocr_par' dir='ltr' id='par_1_2' title="bbox 239 542 1512 4447">
     <span class='ocr_line' id='line_1_2' title="bbox 240 542 1512 627; baseline 0.004 -24"><span class='ocrx_word' id='word_1_6' title='bbox 240 544 322 604; x_wconf 91' lang='lat' dir='ltr'>sium</span> <span class='ocrx_word' id='word_1_7' title='bbox 349 544 434 625; x_wconf 93' lang='lat' dir='ltr'>apud</span> <span class='ocrx_word' id='word_1_8' title='bbox 460 543 598 605; x_wconf 89' lang='lat' dir='ltr'>eundem</span> <span class='ocrx_word' id='word_1_9' title='bbox 625 544 759 605; x_wconf 90' lang='lat' dir='ltr'>Paulum</span> <span class='ocrx_word' id='word_1_10' title='bbox 785 542 982 605; x_wconf 80' lang='lat' dir='ltr'><strong>aurifabrum</strong></span> <span class='ocrx_word' id='word_1_11' title='bbox 1007 545 1218 626; x_wconf 88' lang='lat' dir='ltr'>repositarum</span> <span class='ocrx_word' id='word_1_12' title='bbox 1244 562 1276 607; x_wconf 89' lang='lat' dir='ltr'>et</span> <span class='ocrx_word' id='word_1_13' title='bbox 1299 546 1400 608; x_wconf 88' lang='lat' dir='ltr'>eciam</span> <span class='ocrx_word' id='word_1_14' title='bbox 1424 565 1512 627; x_wconf 92' lang='lat' dir='ltr'>quo·</span> 
     </span>
     <span class='ocr_line' id='line_1_3' title="bbox 241 651 1510 734; baseline 0.002 -23"><span class='ocrx_word' id='word_1_15' title='bbox 241 652 387 711; x_wconf 86' lang='lat' dir='ltr'>rumdam</span> <span class='ocrx_word' id='word_1_16' title='bbox 406 651 589 711; x_wconf 91' lang='lat' dir='ltr'>debitorum</span> <span class='ocrx_word' id='word_1_17' title='bbox 605 651 748 711; x_wconf 87' lang='lat' dir='ltr'>eiusdem</span> <span class='ocrx_word' id='word_1_18' title='bbox 764 651 911 732; x_wconf 87' lang='lat' dir='ltr'>Dyonisii</span> <span class='ocrx_word' id='word_1_19' title='bbox 927 670 981 732; x_wconf 90' lang='lat' dir='ltr'>per</span> <span class='ocrx_word' id='word_1_20' title='bbox 996 651 1135 713; x_wconf 88' lang='lat' dir='ltr'>eundem</span> <span class='ocrx_word' id='word_1_21' title='bbox 1151 651 1286 713; x_wconf 90' lang='lat' dir='ltr'>Paulum</span> <span class='ocrx_word' id='word_1_22' title='bbox 1304 665 1510 734; x_wconf 89' lang='lat' dir='ltr'>receptorum</span> 
     </span>
     <span class='ocr_line' id='line_1_4' title="bbox 241 757 1511 839; baseline 0.002 -21"><span class='ocrx_word' id='word_1_23' title='bbox 241 772 272 818; x_wconf 89' lang='lat' dir='ltr'>et</span> <span class='ocrx_word' id='word_1_24' title='bbox 295 758 396 818; x_wconf 88' lang='lat' dir='ltr'>eciam</span> <span class='ocrx_word' id='word_1_25' title='bbox 415 776 471 838; x_wconf 90' lang='lat' dir='ltr'>per</span> <span class='ocrx_word' id='word_1_26' title='bbox 496 757 600 838; x_wconf 89' lang='lat' dir='ltr'>ipsum</span> <span class='ocrx_word' id='word_1_27' title='bbox 620 757 754 817; x_wconf 88' lang='lat' dir='ltr'>Paulum</span> <span class='ocrx_word' id='word_1_28' title='bbox 781 757 811 817; x_wconf 93' lang='lat' dir='ltr'>in</span> <span class='ocrx_word' id='word_1_29' title='bbox 831 757 939 837; x_wconf 92' lang='lat' dir='ltr'>aliqua</span> <span class='ocrx_word' id='word_1_30' title='bbox 956 757 1004 817; x_wconf 91' lang='lat' dir='ltr'>sui</span> <span class='ocrx_word' id='word_1_31' title='bbox 1030 772 1118 839; x_wconf 89' lang='lat' dir='ltr'>parte</span> <span class='ocrx_word' id='word_1_32' title='bbox 1141 758 1330 819; x_wconf 90' lang='lat' dir='ltr'>eorumdem</span> <span class='ocrx_word' id='word_1_33' title='bbox 1347 759 1511 820; x_wconf 90' lang='lat' dir='ltr'>bonorum</span> 
     </span>
     <span class='ocr_line' id='line_1_5' title="bbox 243 862 1511 945; baseline 0.001 -21"><span class='ocrx_word' id='word_1_34' title='bbox 243 863 439 944; x_wconf 88' lang='lat' dir='ltr'>negacionis,</span> <span class='ocrx_word' id='word_1_35' title='bbox 464 863 600 923; x_wconf 90' lang='lat' dir='ltr'>eandem</span> <span class='ocrx_word' id='word_1_36' title='bbox 619 882 746 924; x_wconf 90' lang='lat' dir='ltr'>causam</span> <span class='ocrx_word' id='word_1_37' title='bbox 773 883 831 924; x_wconf 89' lang='lat' dir='ltr'>nos</span> <span class='ocrx_word' id='word_1_38' title='bbox 855 863 998 925; x_wconf 84' lang='lat' dir='ltr'>seniores</span> <span class='ocrx_word' id='word_1_39' title='bbox 1014 862 1137 942; x_wconf 90' lang='lat' dir='ltr'>judices</span> <span class='ocrx_word' id='word_1_40' title='bbox 1153 877 1257 945; x_wconf 88' lang='lat' dir='ltr'>partes</span> <span class='ocrx_word' id='word_1_41' title='bbox 1282 864 1363 925; x_wconf 90' lang='lat' dir='ltr'>inter</span> <span class='ocrx_word' id='word_1_42' title='bbox 1379 864 1511 926; x_wconf 90' lang='lat' dir='ltr'>easdem</span> 
     </span>
     <span class='ocr_line' id='line_1_6' title="bbox 241 968 1507 1051; baseline 0.001 -21"><span class='ocrx_word' id='word_1_43' title='bbox 241 969 346 1030; x_wconf 89' lang='lat' dir='ltr'>taliter</span> <span class='ocrx_word' id='word_1_44' title='bbox 369 968 636 1048; x_wconf 81' lang='lat' dir='ltr'><strong>adjudicavimus,</strong></span> <span class='ocrx_word' id='word_1_45' title='bbox 661 968 749 1048; x_wconf 92' lang='lat' dir='ltr'>quod</span> <span class='ocrx_word' id='word_1_46' title='bbox 775 968 916 1050; x_wconf 82' lang='lat' dir='ltr'>prefatus</span> <span class='ocrx_word' id='word_1_47' title='bbox 934 969 1109 1051; x_wconf 87' lang='lat' dir='ltr'>Dyonisius</span> <span class='ocrx_word' id='word_1_48' title='bbox 1133 968 1293 1031; x_wconf 77' lang='lat' dir='ltr'>aurifaber</span> <span class='ocrx_word' id='word_1_49' title='bbox 1317 968 1394 1031; x_wconf 84' lang='lat' dir='ltr'>feria</span> <span class='ocrx_word' id='word_1_50' title='bbox 1419 982 1507 1031; x_wconf 87' lang='lat' dir='ltr'>sexta</span> 
     </span>
     <span class='ocr_line' id='line_1_7' title="bbox 241 1075 1509 1158; baseline 0.002 -22"><span class='ocrx_word' id='word_1_51' title='bbox 241 1076 386 1158; x_wconf 84' lang='lat' dir='ltr'>proxime</span> <span class='ocrx_word' id='word_1_52' title='bbox 412 1090 543 1136; x_wconf 88' lang='lat' dir='ltr'>ventura</span> <span class='ocrx_word' id='word_1_53' title='bbox 569 1075 600 1135; x_wconf 94' lang='lat' dir='ltr'>in</span> <span class='ocrx_word' id='word_1_54' title='bbox 625 1095 677 1135; x_wconf 91' lang='lat' dir='ltr'>ara</span> <span class='ocrx_word' id='word_1_55' title='bbox 703 1088 811 1137; x_wconf 90' lang='lat' dir='ltr'>sancte</span> <span class='ocrx_word' id='word_1_56' title='bbox 840 1075 953 1136; x_wconf 86' lang='lat' dir='ltr'>Crucis</span> <span class='ocrx_word' id='word_1_57' title='bbox 986 1076 1015 1135; x_wconf 93' lang='lat' dir='ltr'>in</span> <span class='ocrx_word' id='word_1_58' title='bbox 1042 1076 1174 1137; x_wconf 91' lang='lat' dir='ltr'>ecclesia</span> <span class='ocrx_word' id='word_1_59' title='bbox 1198 1090 1304 1137; x_wconf 89' lang='lat' dir='ltr'>nostra</span> <span class='ocrx_word' id='word_1_60' title='bbox 1331 1076 1509 1158; x_wconf 79' lang='lat' dir='ltr'>parochiali</span> 
     </span>
     <span class='ocr_line' id='line_1_8' title="bbox 241 1183 1507 1264; baseline -0.001 -21"><span class='ocrx_word' id='word_1_61' title='bbox 241 1183 325 1244; x_wconf 90' lang='lat' dir='ltr'>beati</span> <span class='ocrx_word' id='word_1_62' title='bbox 352 1183 449 1243; x_wconf 89' lang='lat' dir='ltr'>Marci</span> <span class='ocrx_word' id='word_1_63' title='bbox 475 1183 679 1262; x_wconf 79' lang='lat' dir='ltr'>ewangeliste</span> <span class='ocrx_word' id='word_1_64' title='bbox 705 1183 736 1242; x_wconf 92' lang='lat' dir='ltr'>in</span> <span class='ocrx_word' id='word_1_65' title='bbox 762 1183 873 1243; x_wconf 87' lang='lat' dir='ltr'>eadem</span> <span class='ocrx_word' id='word_1_66' title='bbox 892 1183 1020 1243; x_wconf 79' lang='lat' dir='ltr'>civitate</span> <span class='ocrx_word' id='word_1_67' title='bbox 1038 1183 1220 1259; x_wconf 89' lang='lat' dir='ltr'>constituta,</span> <span class='ocrx_word' id='word_1_68' title='bbox 1244 1195 1418 1245; x_wconf 84' lang='lat' dir='ltr'>sextusmet</span> <span class='ocrx_word' id='word_1_69' title='bbox 1434 1202 1507 1264; x_wconf 90' lang='lat' dir='ltr'>per·</span> 
     </span>
     <span class='ocr_line' id='line_1_9' title="bbox 241 1288 1507 1371; baseline 0 -21"><span class='ocrx_word' id='word_1_70' title='bbox 241 1289 329 1350; x_wconf 89' lang='lat' dir='ltr'>sonis</span> <span class='ocrx_word' id='word_1_71' title='bbox 351 1289 411 1349; x_wconf 87' lang='lat' dir='ltr'>sibi</span> <span class='ocrx_word' id='word_1_72' title='bbox 429 1288 592 1349; x_wconf 86' lang='lat' dir='ltr'>similibus</span> <span class='ocrx_word' id='word_1_73' title='bbox 616 1289 647 1348; x_wconf 91' lang='lat' dir='ltr'>in</span> <span class='ocrx_word' id='word_1_74' title='bbox 674 1307 712 1348; x_wconf 91' lang='lat' dir='ltr'>eo</span> <span class='ocrx_word' id='word_1_75' title='bbox 729 1301 760 1349; x_wconf 92' lang='lat' dir='ltr'>et</span> <span class='ocrx_word' id='word_1_76' title='bbox 783 1288 888 1349; x_wconf 91' lang='lat' dir='ltr'>taliter</span> <span class='ocrx_word' id='word_1_77' title='bbox 912 1288 1014 1368; x_wconf 83' lang='lat' dir='ltr'>jurare</span> <span class='ocrx_word' id='word_1_78' title='bbox 1032 1289 1202 1366; x_wconf 84' lang='lat' dir='ltr'>tenebitur,</span> <span class='ocrx_word' id='word_1_79' title='bbox 1220 1289 1307 1369; x_wconf 90' lang='lat' dir='ltr'>quod</span> <span class='ocrx_word' id='word_1_80' title='bbox 1334 1289 1401 1371; x_wconf 88' lang='lat' dir='ltr'>ipse</span> <span class='ocrx_word' id='word_1_81' title='bbox 1419 1289 1507 1371; x_wconf 89' lang='lat' dir='ltr'>Dyo-</span> 
     </span>
     <span class='ocr_line' id='line_1_10' title="bbox 240 1393 1508 1475; baseline 0 -19"><span class='ocrx_word' id='word_1_82' title='bbox 240 1395 338 1456; x_wconf 89' lang='lat' dir='ltr'>nisius</span> <span class='ocrx_word' id='word_1_83' title='bbox 363 1408 465 1456; x_wconf 91' lang='lat' dir='ltr'>tantas</span> <span class='ocrx_word' id='word_1_84' title='bbox 488 1414 537 1454; x_wconf 94' lang='lat' dir='ltr'>res</span> <span class='ocrx_word' id='word_1_85' title='bbox 553 1407 640 1455; x_wconf 91' lang='lat' dir='ltr'>tanta</span> <span class='ocrx_word' id='word_1_86' title='bbox 658 1395 741 1455; x_wconf 91' lang='lat' dir='ltr'>bona</span> <span class='ocrx_word' id='word_1_87' title='bbox 760 1409 790 1455; x_wconf 91' lang='lat' dir='ltr'>et</span> <span class='ocrx_word' id='word_1_88' title='bbox 803 1394 888 1475; x_wconf 92' lang='lat' dir='ltr'>apud</span> <span class='ocrx_word' id='word_1_89' title='bbox 907 1394 1011 1474; x_wconf 85' lang='lat' dir='ltr'>ipsum</span> <span class='ocrx_word' id='word_1_90' title='bbox 1035 1394 1170 1455; x_wconf 84' lang='lat' dir='ltr'>Paulum</span> <span class='ocrx_word' id='word_1_91' title='bbox 1188 1393 1385 1456; x_wconf 81' lang='lat' dir='ltr'>aurifabrum</span> <span class='ocrx_word' id='word_1_92' title='bbox 1411 1394 1508 1456; x_wconf 89' lang='lat' dir='ltr'>dimi·</span> 
     </span>
     <span class='ocr_line' id='line_1_11' title="bbox 239 1500 1508 1582; baseline 0.001 -20"><span class='ocrx_word' id='word_1_93' title='bbox 239 1516 322 1562; x_wconf 88' lang='lat' dir='ltr'>serat</span> <span class='ocrx_word' id='word_1_94' title='bbox 357 1514 492 1581; x_wconf 89' lang='lat' dir='ltr'>quantas</span> <span class='ocrx_word' id='word_1_95' title='bbox 526 1501 556 1561; x_wconf 92' lang='lat' dir='ltr'>in</span> <span class='ocrx_word' id='word_1_96' title='bbox 594 1500 726 1581; x_wconf 87' lang='lat' dir='ltr'>registro</span> <span class='ocrx_word' id='word_1_97' title='bbox 758 1521 816 1561; x_wconf 92' lang='lat' dir='ltr'>suo</span> <span class='ocrx_word' id='word_1_98' title='bbox 857 1501 1106 1582; x_wconf 85' lang='lat' dir='ltr'>conscripserat,</span> <span class='ocrx_word' id='word_1_99' title='bbox 1147 1501 1178 1561; x_wconf 92' lang='lat' dir='ltr'>in</span> <span class='ocrx_word' id='word_1_100' title='bbox 1215 1502 1322 1562; x_wconf 92' lang='lat' dir='ltr'>valore</span> <span class='ocrx_word' id='word_1_101' title='bbox 1356 1501 1508 1563; x_wconf 86' lang='lat' dir='ltr'>videlicet</span> 
     </span>
     <span class='ocr_line' id='line_1_12' title="bbox 240 1606 1506 1690; baseline -0.002 -21"><span class='ocrx_word' id='word_1_102' title='bbox 240 1608 442 1690; x_wconf 80' lang='lat' dir='ltr'>septuaginta</span> <span class='ocrx_word' id='word_1_103' title='bbox 466 1621 605 1687; x_wconf 89' lang='lat' dir='ltr'>quatuor</span> <span class='ocrx_word' id='word_1_104' title='bbox 629 1606 697 1668; x_wconf 88' lang='lat' dir='ltr'>flor.</span> <span class='ocrx_word' id='word_1_105' title='bbox 728 1607 808 1683; x_wconf 92' lang='lat' dir='ltr'>auri,</span> <span class='ocrx_word' id='word_1_106' title='bbox 841 1621 945 1688; x_wconf 90' lang='lat' dir='ltr'>preter</span> <span class='ocrx_word' id='word_1_107' title='bbox 970 1607 1097 1668; x_wconf 92' lang='lat' dir='ltr'>illarum</span> <span class='ocrx_word' id='word_1_108' title='bbox 1130 1607 1335 1669; x_wconf 89' lang='lat' dir='ltr'>medietatem</span> <span class='ocrx_word' id='word_1_109' title='bbox 1362 1607 1506 1669; x_wconf 90' lang='lat' dir='ltr'>cinerum</span> 
     </span>
     <span class='ocr_line' id='line_1_13' title="bbox 239 1711 1508 1796; baseline 0.001 -22"><span class='ocrx_word' id='word_1_110' title='bbox 239 1734 295 1775; x_wconf 91' lang='lat' dir='ltr'>seu</span> <span class='ocrx_word' id='word_1_111' title='bbox 322 1712 490 1795; x_wconf 87' lang='lat' dir='ltr'>pulverum</span> <span class='ocrx_word' id='word_1_112' title='bbox 517 1726 754 1793; x_wconf 86' lang='lat' dir='ltr'>argenteorum,</span> <span class='ocrx_word' id='word_1_113' title='bbox 779 1714 965 1793; x_wconf 89' lang='lat' dir='ltr'>porcionem</span> <span class='ocrx_word' id='word_1_114' title='bbox 995 1711 1143 1774; x_wconf 88' lang='lat' dir='ltr'>videlicet</span> <span class='ocrx_word' id='word_1_115' title='bbox 1169 1713 1268 1794; x_wconf 91' lang='lat' dir='ltr'>ipsius</span> <span class='ocrx_word' id='word_1_116' title='bbox 1293 1713 1452 1796; x_wconf 87' lang='lat' dir='ltr'>Dyonisii,</span> <span class='ocrx_word' id='word_1_117' title='bbox 1476 1727 1508 1775; x_wconf 89' lang='lat' dir='ltr'>et</span> 
     </span>
     <span class='ocr_line' id='line_1_14' title="bbox 240 1818 1509 1901; baseline 0.001 -22"><span class='ocrx_word' id='word_1_118' title='bbox 240 1819 354 1901; x_wconf 86' lang='lat' dir='ltr'>viginti</span> <span class='ocrx_word' id='word_1_119' title='bbox 379 1839 432 1880; x_wconf 87' lang='lat' dir='ltr'>sex</span> <span class='ocrx_word' id='word_1_120' title='bbox 457 1818 525 1881; x_wconf 88' lang='lat' dir='ltr'>flor.</span> <span class='ocrx_word' id='word_1_121' title='bbox 550 1819 629 1895; x_wconf 91' lang='lat' dir='ltr'>auri,</span> <span class='ocrx_word' id='word_1_122' title='bbox 662 1838 744 1899; x_wconf 91' lang='lat' dir='ltr'>quos</span> <span class='ocrx_word' id='word_1_123' title='bbox 777 1819 843 1900; x_wconf 88' lang='lat' dir='ltr'>ipse</span> <span class='ocrx_word' id='word_1_124' title='bbox 870 1820 986 1880; x_wconf 82' lang='lat' dir='ltr'>Paulus</span> <span class='ocrx_word' id='word_1_125' title='bbox 1012 1839 1074 1880; x_wconf 93' lang='lat' dir='ltr'>non</span> <span class='ocrx_word' id='word_1_126' title='bbox 1108 1833 1204 1899; x_wconf 86' lang='lat' dir='ltr'>negat</span> <span class='ocrx_word' id='word_1_127' title='bbox 1235 1840 1267 1880; x_wconf 87' lang='lat' dir='ltr'>se</span> <span class='ocrx_word' id='word_1_128' title='bbox 1293 1820 1451 1896; x_wconf 88' lang='lat' dir='ltr'>habuisse,</span> <span class='ocrx_word' id='word_1_129' title='bbox 1477 1832 1509 1880; x_wconf 94' lang='lat' dir='ltr'>et</span> 
     </span>
     <span class='ocr_line' id='line_1_15' title="bbox 240 1925 1508 2008; baseline 0 -21"><span class='ocrx_word' id='word_1_130' title='bbox 240 1945 336 2007; x_wconf 91' lang='lat' dir='ltr'>super</span> <span class='ocrx_word' id='word_1_131' title='bbox 360 1925 431 2002; x_wconf 93' lang='lat' dir='ltr'>hoc,</span> <span class='ocrx_word' id='word_1_132' title='bbox 456 1926 573 2006; x_wconf 88' lang='lat' dir='ltr'>quibus</span> <span class='ocrx_word' id='word_1_133' title='bbox 608 1927 673 2006; x_wconf 86' lang='lat' dir='ltr'>ipse</span> <span class='ocrx_word' id='word_1_134' title='bbox 700 1925 817 1986; x_wconf 79' lang='lat' dir='ltr'>l&#39;aulus</span> <span class='ocrx_word' id='word_1_135' title='bbox 842 1925 881 1985; x_wconf 90' lang='lat' dir='ltr'>de</span> <span class='ocrx_word' id='word_1_136' title='bbox 913 1925 1006 1987; x_wconf 88' lang='lat' dir='ltr'>dictis</span> <span class='ocrx_word' id='word_1_137' title='bbox 1040 1926 1133 1986; x_wconf 88' lang='lat' dir='ltr'>bonis</span> <span class='ocrx_word' id='word_1_138' title='bbox 1164 1926 1271 1986; x_wconf 90' lang='lat' dir='ltr'>debita</span> <span class='ocrx_word' id='word_1_139' title='bbox 1297 1926 1396 2008; x_wconf 91' lang='lat' dir='ltr'>ipsius</span> <span class='ocrx_word' id='word_1_140' title='bbox 1420 1925 1508 2008; x_wconf 84' lang='lat' dir='ltr'>Dyo-</span> 
     </span>
     <span class='ocr_line' id='line_1_16' title="bbox 244 2031 1510 2113; baseline 0.001 -22"><span class='ocrx_word' id='word_1_141' title='bbox 244 2032 314 2092; x_wconf 89' lang='lat' dir='ltr'>nisii</span> <span class='ocrx_word' id='word_1_142' title='bbox 340 2031 445 2099; x_wconf 80' lang='lat' dir='ltr'>solvit,</span> <span class='ocrx_word' id='word_1_143' title='bbox 471 2032 537 2109; x_wconf 89' lang='lat' dir='ltr'>ipse</span> <span class='ocrx_word' id='word_1_144' title='bbox 563 2031 738 2113; x_wconf 79' lang='lat' dir='ltr'>Dyonisius</span> <span class='ocrx_word' id='word_1_145' title='bbox 772 2031 836 2091; x_wconf 92' lang='lat' dir='ltr'>illis</span> <span class='ocrx_word' id='word_1_146' title='bbox 861 2031 905 2092; x_wconf 93' lang='lat' dir='ltr'>nil</span> <span class='ocrx_word' id='word_1_147' title='bbox 939 2031 1153 2111; x_wconf 86' lang='lat' dir='ltr'>obligabatur,</span> <span class='ocrx_word' id='word_1_148' title='bbox 1186 2044 1217 2093; x_wconf 89' lang='lat' dir='ltr'>et</span> <span class='ocrx_word' id='word_1_149' title='bbox 1241 2031 1301 2093; x_wconf 91' lang='lat' dir='ltr'>hoc</span> <span class='ocrx_word' id='word_1_150' title='bbox 1327 2045 1510 2113; x_wconf 89' lang='lat' dir='ltr'>propterea,</span> 
     </span>
     <span class='ocr_line' id='line_1_17' title="bbox 243 2136 1509 2219; baseline 0.001 -21"><span class='ocrx_word' id='word_1_151' title='bbox 243 2138 318 2218; x_wconf 91' lang='lat' dir='ltr'>quia</span> <span class='ocrx_word' id='word_1_152' title='bbox 345 2138 402 2219; x_wconf 92' lang='lat' dir='ltr'>ipsi</span> <span class='ocrx_word' id='word_1_153' title='bbox 430 2138 604 2219; x_wconf 80' lang='lat' dir='ltr'>Dyonisius</span> <span class='ocrx_word' id='word_1_154' title='bbox 636 2151 666 2197; x_wconf 90' lang='lat' dir='ltr'>et</span> <span class='ocrx_word' id='word_1_155' title='bbox 691 2137 809 2198; x_wconf 89' lang='lat' dir='ltr'>Paulus</span> <span class='ocrx_word' id='word_1_156' title='bbox 840 2136 990 2198; x_wconf 86' lang='lat' dir='ltr'>aurifabri</span> <span class='ocrx_word' id='word_1_157' title='bbox 1020 2151 1084 2198; x_wconf 93' lang='lat' dir='ltr'>tam</span> <span class='ocrx_word' id='word_1_158' title='bbox 1110 2140 1140 2197; x_wconf 92' lang='lat' dir='ltr'>in</span> <span class='ocrx_word' id='word_1_159' title='bbox 1174 2152 1239 2198; x_wconf 86' lang='lat' dir='ltr'>arte</span> <span class='ocrx_word' id='word_1_160' title='bbox 1262 2157 1297 2199; x_wconf 91' lang='lat' dir='ltr'>ac</span> <span class='ocrx_word' id='word_1_161' title='bbox 1322 2137 1509 2219; x_wconf 89' lang='lat' dir='ltr'>magisterio</span> 
     </span>
     <span class='ocr_line' id='line_1_18' title="bbox 242 2242 1509 2325; baseline 0 -20"><span class='ocrx_word' id='word_1_162' title='bbox 242 2264 277 2305; x_wconf 92' lang='lat' dir='ltr'>ac</span> <span class='ocrx_word' id='word_1_163' title='bbox 304 2245 335 2304; x_wconf 91' lang='lat' dir='ltr'>in</span> <span class='ocrx_word' id='word_1_164' title='bbox 362 2244 451 2305; x_wconf 91' lang='lat' dir='ltr'>lucro</span> <span class='ocrx_word' id='word_1_165' title='bbox 476 2258 507 2304; x_wconf 89' lang='lat' dir='ltr'>et</span> <span class='ocrx_word' id='word_1_166' title='bbox 531 2244 673 2324; x_wconf 91' lang='lat' dir='ltr'>dampno</span> <span class='ocrx_word' id='word_1_167' title='bbox 698 2242 827 2305; x_wconf 85' lang='lat' dir='ltr'>luerunt</span> <span class='ocrx_word' id='word_1_168' title='bbox 845 2245 997 2321; x_wconf 89' lang='lat' dir='ltr'>consocii,</span> <span class='ocrx_word' id='word_1_169' title='bbox 1022 2258 1161 2324; x_wconf 87' lang='lat' dir='ltr'>prestare</span> <span class='ocrx_word' id='word_1_170' title='bbox 1185 2258 1216 2304; x_wconf 91' lang='lat' dir='ltr'>et</span> <span class='ocrx_word' id='word_1_171' title='bbox 1240 2243 1403 2325; x_wconf 88' lang='lat' dir='ltr'>deponere</span> <span class='ocrx_word' id='word_1_172' title='bbox 1420 2258 1509 2305; x_wconf 91' lang='lat' dir='ltr'>tene·</span> 
     </span>
     <span class='ocr_line' id='line_1_19' title="bbox 244 2349 1506 2432; baseline 0.002 -23"><span class='ocrx_word' id='word_1_173' title='bbox 244 2350 329 2410; x_wconf 90' lang='lat' dir='ltr'>bitur</span> <span class='ocrx_word' id='word_1_174' title='bbox 353 2362 383 2410; x_wconf 89' lang='lat' dir='ltr'>et</span> <span class='ocrx_word' id='word_1_175' title='bbox 406 2350 464 2410; x_wconf 89' lang='lat' dir='ltr'>erit</span> <span class='ocrx_word' id='word_1_176' title='bbox 489 2349 666 2430; x_wconf 80' lang='lat' dir='ltr'>obligatus:</span> <span class='ocrx_word' id='word_1_177' title='bbox 692 2350 732 2410; x_wconf 88' lang='lat' dir='ltr'>de</span> <span class='ocrx_word' id='word_1_178' title='bbox 757 2369 821 2430; x_wconf 92' lang='lat' dir='ltr'>quo</span> <span class='ocrx_word' id='word_1_179' title='bbox 847 2349 967 2428; x_wconf 86' lang='lat' dir='ltr'>judicio</span> <span class='ocrx_word' id='word_1_180' title='bbox 996 2364 1105 2410; x_wconf 91' lang='lat' dir='ltr'>nostro</span> <span class='ocrx_word' id='word_1_181' title='bbox 1131 2351 1197 2431; x_wconf 91' lang='lat' dir='ltr'>ipse</span> <span class='ocrx_word' id='word_1_182' title='bbox 1223 2350 1396 2432; x_wconf 77' lang='lat' dir='ltr'>Dyonisius</span> <span class='ocrx_word' id='word_1_183' title='bbox 1422 2350 1506 2411; x_wconf 87' lang='lat' dir='ltr'>auri·</span> 
     </span>
     <span class='ocr_line' id='line_1_20' title="bbox 246 2455 1509 2539; baseline 0.001 -22"><span class='ocrx_word' id='word_1_184' title='bbox 246 2455 334 2517; x_wconf 84' lang='lat' dir='ltr'>saber</span> <span class='ocrx_word' id='word_1_185' title='bbox 358 2476 423 2518; x_wconf 94' lang='lat' dir='ltr'>non</span> <span class='ocrx_word' id='word_1_186' title='bbox 449 2470 627 2525; x_wconf 78' lang='lat' dir='ltr'>contentus,</span> <span class='ocrx_word' id='word_1_187' title='bbox 653 2457 788 2517; x_wconf 87' lang='lat' dir='ltr'>eandem</span> <span class='ocrx_word' id='word_1_188' title='bbox 814 2476 940 2517; x_wconf 90' lang='lat' dir='ltr'>causam</span> <span class='ocrx_word' id='word_1_189' title='bbox 975 2476 1047 2517; x_wconf 91' lang='lat' dir='ltr'>cum</span> <span class='ocrx_word' id='word_1_190' title='bbox 1081 2457 1170 2518; x_wconf 92' lang='lat' dir='ltr'>totali</span> <span class='ocrx_word' id='word_1_191' title='bbox 1196 2477 1254 2518; x_wconf 90' lang='lat' dir='ltr'>suo</span> <span class='ocrx_word' id='word_1_192' title='bbox 1279 2476 1429 2538; x_wconf 90' lang='lat' dir='ltr'>processu</span> <span class='ocrx_word' id='word_1_193' title='bbox 1453 2477 1509 2539; x_wconf 90' lang='lat' dir='ltr'>per</span> 
     </span>
     <span class='ocr_line' id='line_1_21' title="bbox 243 2562 1508 2644; baseline 0.001 -20"><span class='ocrx_word' id='word_1_194' title='bbox 243 2583 302 2624; x_wconf 86' lang='lat' dir='ltr'>nos</span> <span class='ocrx_word' id='word_1_195' title='bbox 326 2562 541 2642; x_wconf 88' lang='lat' dir='ltr'>adjudicatam</span> <span class='ocrx_word' id='word_1_196' title='bbox 566 2563 605 2623; x_wconf 91' lang='lat' dir='ltr'>ad</span> <span class='ocrx_word' id='word_1_197' title='bbox 639 2562 826 2642; x_wconf 88' lang='lat' dir='ltr'>magistrum</span> <span class='ocrx_word' id='word_1_198' title='bbox 859 2564 1105 2623; x_wconf 82' lang='lat' dir='ltr'>tanarnicorum</span> <span class='ocrx_word' id='word_1_199' title='bbox 1140 2563 1296 2644; x_wconf 86' lang='lat' dir='ltr'>regalium</span> <span class='ocrx_word' id='word_1_200' title='bbox 1321 2563 1508 2644; x_wconf 90' lang='lat' dir='ltr'>appellavit,</span> 
     </span>
     <span class='ocr_line' id='line_1_22' title="bbox 243 2669 1508 2751; baseline -0.001 -20"><span class='ocrx_word' id='word_1_201' title='bbox 243 2670 361 2750; x_wconf 89' lang='lat' dir='ltr'>quibus</span> <span class='ocrx_word' id='word_1_202' title='bbox 384 2670 528 2751; x_wconf 90' lang='lat' dir='ltr'>partibus</span> <span class='ocrx_word' id='word_1_203' title='bbox 553 2689 611 2729; x_wconf 93' lang='lat' dir='ltr'>nos</span> <span class='ocrx_word' id='word_1_204' title='bbox 643 2689 750 2730; x_wconf 90' lang='lat' dir='ltr'>coram</span> <span class='ocrx_word' id='word_1_205' title='bbox 776 2670 845 2750; x_wconf 90' lang='lat' dir='ltr'>ipso</span> <span class='ocrx_word' id='word_1_206' title='bbox 879 2670 1030 2749; x_wconf 86' lang='lat' dir='ltr'>magistro</span> <span class='ocrx_word' id='word_1_207' title='bbox 1062 2670 1308 2730; x_wconf 72' lang='lat' dir='ltr'>tau&#39;arnicorum</span> <span class='ocrx_word' id='word_1_208' title='bbox 1333 2669 1508 2730; x_wconf 88' lang='lat' dir='ltr'>terminum</span> 
     </span>
     <span class='ocr_line' id='line_1_23' title="bbox 244 2773 1508 2857; baseline -0.002 -20"><span class='ocrx_word' id='word_1_209' title='bbox 244 2775 451 2857; x_wconf 89' lang='lat' dir='ltr'>comparendi</span> <span class='ocrx_word' id='word_1_210' title='bbox 477 2796 493 2835; x_wconf 91' lang='lat' dir='ltr'>a</span> <span class='ocrx_word' id='word_1_211' title='bbox 519 2775 572 2835; x_wconf 89' lang='lat' dir='ltr'>die</span> <span class='ocrx_word' id='word_1_212' title='bbox 597 2774 850 2854; x_wconf 84' lang='lat' dir='ltr'>adjudicacionis</span> <span class='ocrx_word' id='word_1_213' title='bbox 883 2788 990 2835; x_wconf 91' lang='lat' dir='ltr'>nostre</span> <span class='ocrx_word' id='word_1_214' title='bbox 1024 2775 1174 2836; x_wconf 88' lang='lat' dir='ltr'>videlicet</span> <span class='ocrx_word' id='word_1_215' title='bbox 1199 2773 1308 2836; x_wconf 86' lang='lat' dir='ltr'>leriam</span> <span class='ocrx_word' id='word_1_216' title='bbox 1334 2775 1508 2836; x_wconf 91' lang='lat' dir='ltr'>secundam</span> 
     </span>
     <span class='ocr_line' id='line_1_24' title="bbox 244 2880 1509 2964; baseline 0 -22"><span class='ocrx_word' id='word_1_217' title='bbox 244 2881 423 2964; x_wconf 88' lang='lat' dir='ltr'>proximam</span> <span class='ocrx_word' id='word_1_218' title='bbox 456 2896 527 2962; x_wconf 91' lang='lat' dir='ltr'>post</span> <span class='ocrx_word' id='word_1_219' title='bbox 560 2880 675 2941; x_wconf 82' lang='lat' dir='ltr'>festum</span> <span class='ocrx_word' id='word_1_220' title='bbox 708 2881 889 2941; x_wconf 77' lang='lat' dir='ltr'>Natiuitatis</span> <span class='ocrx_word' id='word_1_221' title='bbox 921 2881 1053 2960; x_wconf 83' lang='lat' dir='ltr'>virginis</span> <span class='ocrx_word' id='word_1_222' title='bbox 1084 2882 1223 2962; x_wconf 88' lang='lat' dir='ltr'>gloriose</span> <span class='ocrx_word' id='word_1_223' title='bbox 1257 2883 1404 2962; x_wconf 84' lang='lat' dir='ltr'>proxime</span> <span class='ocrx_word' id='word_1_224' title='bbox 1433 2901 1509 2942; x_wconf 90' lang='lat' dir='ltr'>ven·</span> 
     </span>
     <span class='ocr_line' id='line_1_25' title="bbox 242 2985 1509 3068; baseline 0.001 -21"><span class='ocrx_word' id='word_1_225' title='bbox 242 3003 348 3047; x_wconf 90' lang='lat' dir='ltr'>turum</span> <span class='ocrx_word' id='word_1_226' title='bbox 375 2988 523 3048; x_wconf 83' lang='lat' dir='ltr'>duximus</span> <span class='ocrx_word' id='word_1_227' title='bbox 545 2985 784 3068; x_wconf 78' lang='lat' dir='ltr'>prefigendum3</span> <span class='ocrx_word' id='word_1_228' title='bbox 810 3002 840 3047; x_wconf 90' lang='lat' dir='ltr'>et</span> <span class='ocrx_word' id='word_1_229' title='bbox 861 2988 935 3066; x_wconf 84' lang='lat' dir='ltr'>quia</span> <span class='ocrx_word' id='word_1_230' title='bbox 968 2988 1071 3068; x_wconf 91' lang='lat' dir='ltr'>ipsum</span> <span class='ocrx_word' id='word_1_231' title='bbox 1096 2989 1310 3066; x_wconf 88' lang='lat' dir='ltr'>juramentum</span> <span class='ocrx_word' id='word_1_232' title='bbox 1337 2987 1423 3068; x_wconf 91' lang='lat' dir='ltr'>quod</span> <span class='ocrx_word' id='word_1_233' title='bbox 1451 2988 1509 3068; x_wconf 89' lang='lat' dir='ltr'>ipsi</span> 
     </span>
     <span class='ocr_line' id='line_1_26' title="bbox 242 3092 1509 3176; baseline 0.002 -23"><span class='ocrx_word' id='word_1_234' title='bbox 242 3092 400 3175; x_wconf 89' lang='lat' dir='ltr'>Dyonisio</span> <span class='ocrx_word' id='word_1_235' title='bbox 425 3112 481 3174; x_wconf 94' lang='lat' dir='ltr'>per</span> <span class='ocrx_word' id='word_1_236' title='bbox 514 3111 572 3152; x_wconf 91' lang='lat' dir='ltr'>nos</span> <span class='ocrx_word' id='word_1_237' title='bbox 604 3108 758 3153; x_wconf 83' lang='lat' dir='ltr'>sestomet</span> <span class='ocrx_word' id='word_1_238' title='bbox 791 3106 857 3153; x_wconf 88' lang='lat' dir='ltr'>erat</span> <span class='ocrx_word' id='word_1_239' title='bbox 890 3092 1108 3168; x_wconf 76' lang='lat' dir='ltr'>arliudicatum</span> <span class='ocrx_word' id='word_1_240' title='bbox 1143 3094 1207 3174; x_wconf 90' lang='lat' dir='ltr'>ipse</span> <span class='ocrx_word' id='word_1_241' title='bbox 1243 3094 1417 3176; x_wconf 71' lang='lat' dir='ltr'>llyonisius</span> <span class='ocrx_word' id='word_1_242' title='bbox 1450 3095 1509 3175; x_wconf 91' lang='lat' dir='ltr'>ipsi</span> 
     </span>
     <span class='ocr_line' id='line_1_27' title="bbox 242 3199 1510 3280; baseline 0.002 -21"><span class='ocrx_word' id='word_1_243' title='bbox 242 3199 343 3259; x_wconf 88' lang='lat' dir='ltr'>Paulo</span> <span class='ocrx_word' id='word_1_244' title='bbox 375 3214 515 3279; x_wconf 87' lang='lat' dir='ltr'>prestare</span> <span class='ocrx_word' id='word_1_245' title='bbox 548 3213 577 3259; x_wconf 91' lang='lat' dir='ltr'>et</span> <span class='ocrx_word' id='word_1_246' title='bbox 612 3200 773 3279; x_wconf 87' lang='lat' dir='ltr'>deponere</span> <span class='ocrx_word' id='word_1_247' title='bbox 807 3219 912 3259; x_wconf 88' lang='lat' dir='ltr'>coram</span> <span class='ocrx_word' id='word_1_248' title='bbox 949 3201 1042 3260; x_wconf 88' lang='lat' dir='ltr'>nobis</span> <span class='ocrx_word' id='word_1_249' title='bbox 1075 3213 1188 3280; x_wconf 91' lang='lat' dir='ltr'>sponte</span> <span class='ocrx_word' id='word_1_250' title='bbox 1222 3202 1381 3278; x_wconf 88' lang='lat' dir='ltr'>submisit,</span> <span class='ocrx_word' id='word_1_251' title='bbox 1405 3201 1510 3262; x_wconf 86' lang='lat' dir='ltr'>taliter</span> 
     </span>
     <span class='ocr_line' id='line_1_28' title="bbox 240 3304 1508 3386; baseline 0.002 -21"><span class='ocrx_word' id='word_1_252' title='bbox 240 3319 346 3365; x_wconf 91' lang='lat' dir='ltr'>tamen</span> <span class='ocrx_word' id='word_1_253' title='bbox 374 3318 403 3365; x_wconf 92' lang='lat' dir='ltr'>et</span> <span class='ocrx_word' id='word_1_254' title='bbox 428 3304 481 3364; x_wconf 86' lang='lat' dir='ltr'>tali</span> <span class='ocrx_word' id='word_1_255' title='bbox 508 3305 616 3381; x_wconf 89' lang='lat' dir='ltr'>mod0,</span> <span class='ocrx_word' id='word_1_256' title='bbox 650 3306 738 3385; x_wconf 84' lang='lat' dir='ltr'>quod</span> <span class='ocrx_word' id='word_1_257' title='bbox 772 3306 838 3386; x_wconf 89' lang='lat' dir='ltr'>ipse</span> <span class='ocrx_word' id='word_1_258' title='bbox 871 3305 987 3365; x_wconf 80' lang='lat' dir='ltr'>l’aulus</span> <span class='ocrx_word' id='word_1_259' title='bbox 1022 3306 1211 3386; x_wconf 89' lang='lat' dir='ltr'>prescriptas</span> <span class='ocrx_word' id='word_1_260' title='bbox 1245 3307 1348 3366; x_wconf 90' lang='lat' dir='ltr'>resin</span> <span class='ocrx_word' id='word_1_261' title='bbox 1376 3308 1508 3386; x_wconf 91' lang='lat' dir='ltr'>registro</span> 
     </span>
     <span class='ocr_line' id='line_1_29' title="bbox 243 3410 1509 3493; baseline 0.002 -22"><span class='ocrx_word' id='word_1_262' title='bbox 243 3412 341 3492; x_wconf 86' lang='lat' dir='ltr'>ipsius</span> <span class='ocrx_word' id='word_1_263' title='bbox 367 3410 513 3492; x_wconf 70' lang='lat' dir='ltr'>Dronisii</span> <span class='ocrx_word' id='word_1_264' title='bbox 539 3413 744 3493; x_wconf 87' lang='lat' dir='ltr'>conscriptas,</span> <span class='ocrx_word' id='word_1_265' title='bbox 770 3431 834 3471; x_wconf 90' lang='lat' dir='ltr'>non</span> <span class='ocrx_word' id='word_1_266' title='bbox 868 3427 970 3472; x_wconf 87' lang='lat' dir='ltr'>tantas</span> <span class='ocrx_word' id='word_1_267' title='bbox 995 3411 1049 3472; x_wconf 88' lang='lat' dir='ltr'>sed</span> <span class='ocrx_word' id='word_1_268' title='bbox 1083 3412 1291 3473; x_wconf 87' lang='lat' dir='ltr'>solummodo</span> <span class='ocrx_word' id='word_1_269' title='bbox 1317 3414 1429 3493; x_wconf 87' lang='lat' dir='ltr'>viginti</span> <span class='ocrx_word' id='word_1_270' title='bbox 1455 3434 1509 3475; x_wconf 87' lang='lat' dir='ltr'>sex</span> 
     </span>
     <span class='ocr_line' id='line_1_30' title="bbox 242 3516 1509 3600; baseline 0.002 -22"><span class='ocrx_word' id='word_1_271' title='bbox 242 3516 310 3579; x_wconf 90' lang='lat' dir='ltr'>flor.</span> <span class='ocrx_word' id='word_1_272' title='bbox 337 3518 404 3578; x_wconf 91' lang='lat' dir='ltr'>auri</span> <span class='ocrx_word' id='word_1_273' title='bbox 430 3531 461 3578; x_wconf 91' lang='lat' dir='ltr'>et</span> <span class='ocrx_word' id='word_1_274' title='bbox 494 3518 651 3598; x_wconf 90' lang='lat' dir='ltr'>quosdam</span> <span class='ocrx_word' id='word_1_275' title='bbox 678 3519 825 3598; x_wconf 76' lang='lat' dir='ltr'>pulveres</span> <span class='ocrx_word' id='word_1_276' title='bbox 858 3538 913 3577; x_wconf 90' lang='lat' dir='ltr'>seu</span> <span class='ocrx_word' id='word_1_277' title='bbox 933 3519 1069 3578; x_wconf 88' lang='lat' dir='ltr'>-cineres</span> <span class='ocrx_word' id='word_1_278' title='bbox 1101 3532 1337 3598; x_wconf 87' lang='lat' dir='ltr'>argenteorum,</span> <span class='ocrx_word' id='word_1_279' title='bbox 1362 3520 1416 3600; x_wconf 82' lang='lat' dir='ltr'>qui</span> <span class='ocrx_word' id='word_1_280' title='bbox 1443 3539 1509 3580; x_wconf 90' lang='lat' dir='ltr'>am·</span> 
     </span>
     <span class='ocr_line' id='line_1_31' title="bbox 243 3621 1512 3707; baseline 0.001 -22"><span class='ocrx_word' id='word_1_281' title='bbox 243 3624 356 3685; x_wconf 92' lang='lat' dir='ltr'>barum</span> <span class='ocrx_word' id='word_1_282' title='bbox 383 3621 522 3700; x_wconf 84' lang='lat' dir='ltr'>luerunt,</span> <span class='ocrx_word' id='word_1_283' title='bbox 548 3624 586 3684; x_wconf 90' lang='lat' dir='ltr'>de</span> <span class='ocrx_word' id='word_1_284' title='bbox 619 3624 737 3703; x_wconf 79' lang='lat' dir='ltr'>quibus</span> <span class='ocrx_word' id='word_1_285' title='bbox 762 3624 861 3683; x_wconf 86' lang='lat' dir='ltr'>eciam</span> <span class='ocrx_word' id='word_1_286' title='bbox 897 3626 962 3704; x_wconf 88' lang='lat' dir='ltr'>ipse</span> <span class='ocrx_word' id='word_1_287' title='bbox 994 3624 1111 3684; x_wconf 80' lang='lat' dir='ltr'>l‘aulus</span> <span class='ocrx_word' id='word_1_288' title='bbox 1144 3625 1251 3705; x_wconf 89' lang='lat' dir='ltr'>aliqua</span> <span class='ocrx_word' id='word_1_289' title='bbox 1278 3626 1384 3685; x_wconf 86' lang='lat' dir='ltr'>debita</span> <span class='ocrx_word' id='word_1_290' title='bbox 1412 3626 1512 3707; x_wconf 88' lang='lat' dir='ltr'>ipsius</span> 
     </span>
     <span class='ocr_line' id='line_1_32' title="bbox 244 3728 1508 3812; baseline 0.002 -23"><span class='ocrx_word' id='word_1_291' title='bbox 244 3728 392 3810; x_wconf 87' lang='lat' dir='ltr'>Dyonisii</span> <span class='ocrx_word' id='word_1_292' title='bbox 418 3729 562 3803; x_wconf 83' lang='lat' dir='ltr'>exsolvit,</span> <span class='ocrx_word' id='word_1_293' title='bbox 588 3730 675 3809; x_wconf 83' lang='lat' dir='ltr'>quod</span> <span class='ocrx_word' id='word_1_294' title='bbox 703 3730 768 3809; x_wconf 88' lang='lat' dir='ltr'>ipse</span> <span class='ocrx_word' id='word_1_295' title='bbox 796 3730 913 3790; x_wconf 80' lang='lat' dir='ltr'>l‘aulus</span> <span class='ocrx_word' id='word_1_296' title='bbox 931 3750 1002 3789; x_wconf 90' lang='lat' dir='ltr'>cum</span> <span class='ocrx_word' id='word_1_297' title='bbox 1031 3731 1157 3791; x_wconf 80' lang='lat' dir='ltr'>racione</span> <span class='ocrx_word' id='word_1_298' title='bbox 1183 3753 1214 3790; x_wconf 84' lang='lat' dir='ltr'>se</span> <span class='ocrx_word' id='word_1_299' title='bbox 1240 3734 1374 3812; x_wconf 87' lang='lat' dir='ltr'>probare</span> <span class='ocrx_word' id='word_1_300' title='bbox 1400 3746 1430 3793; x_wconf 89' lang='lat' dir='ltr'>et</span> <span class='ocrx_word' id='word_1_301' title='bbox 1455 3733 1508 3792; x_wconf 89' lang='lat' dir='ltr'>de-</span> 
     </span>
     <span class='ocr_line' id='line_1_33' title="bbox 244 3836 1510 3917; baseline 0.002 -21"><span class='ocrx_word' id='word_1_302' title='bbox 244 3850 421 3896; x_wconf 91' lang='lat' dir='ltr'>monstrare</span> <span class='ocrx_word' id='word_1_303' title='bbox 448 3837 627 3916; x_wconf 89' lang='lat' dir='ltr'>assumpsit,</span> <span class='ocrx_word' id='word_1_304' title='bbox 661 3851 690 3895; x_wconf 87' lang='lat' dir='ltr'>et</span> <span class='ocrx_word' id='word_1_305' title='bbox 723 3836 811 3917; x_wconf 78' lang='lat' dir='ltr'>quod</span> <span class='ocrx_word' id='word_1_306' title='bbox 845 3837 910 3917; x_wconf 88' lang='lat' dir='ltr'>ipse</span> <span class='ocrx_word' id='word_1_307' title='bbox 942 3837 1057 3897; x_wconf 85' lang='lat' dir='ltr'>l’aulus</span> <span class='ocrx_word' id='word_1_308' title='bbox 1090 3839 1242 3898; x_wconf 83' lang='lat' dir='ltr'>veraciter</span> <span class='ocrx_word' id='word_1_309' title='bbox 1268 3838 1326 3899; x_wconf 88' lang='lat' dir='ltr'>luit</span> <span class='ocrx_word' id='word_1_310' title='bbox 1352 3840 1510 3915; x_wconf 89' lang='lat' dir='ltr'>conscius,</span> 
     </span>
     <span class='ocr_line' id='line_1_34' title="bbox 243 3940 1510 4025; baseline 0.002 -24"><span class='ocrx_word' id='word_1_311' title='bbox 243 3942 331 4022; x_wconf 84' lang='lat' dir='ltr'>quod</span> <span class='ocrx_word' id='word_1_312' title='bbox 358 3941 422 4021; x_wconf 91' lang='lat' dir='ltr'>ipse</span> <span class='ocrx_word' id='word_1_313' title='bbox 450 3940 624 4021; x_wconf 78' lang='lat' dir='ltr'>Dyonisius</span> <span class='ocrx_word' id='word_1_314' title='bbox 651 3942 723 4015; x_wconf 88' lang='lat' dir='ltr'>illis,</span> <span class='ocrx_word' id='word_1_315' title='bbox 749 3943 867 4021; x_wconf 74' lang='lat' dir='ltr'>quibus</span> <span class='ocrx_word' id='word_1_316' title='bbox 893 3944 958 4023; x_wconf 84' lang='lat' dir='ltr'>ipse</span> <span class='ocrx_word' id='word_1_317' title='bbox 978 3944 1095 4003; x_wconf 79' lang='lat' dir='ltr'>l‘aulus</span> <span class='ocrx_word' id='word_1_318' title='bbox 1120 3944 1218 4024; x_wconf 88' lang='lat' dir='ltr'>ipsius</span> <span class='ocrx_word' id='word_1_319' title='bbox 1242 3943 1387 4025; x_wconf 72' lang='lat' dir='ltr'>Dyonisii</span> <span class='ocrx_word' id='word_1_320' title='bbox 1414 3944 1510 4005; x_wconf 85' lang='lat' dir='ltr'>solvit</span> 
     </span>
     <span class='ocr_line' id='line_1_35' title="bbox 244 4046 1511 4130; baseline 0.002 -23"><span class='ocrx_word' id='word_1_321' title='bbox 244 4046 363 4121; x_wconf 92' lang='lat' dir='ltr'>debita,</span> <span class='ocrx_word' id='word_1_322' title='bbox 396 4047 463 4127; x_wconf 90' lang='lat' dir='ltr'>ipse</span> <span class='ocrx_word' id='word_1_323' title='bbox 498 4046 672 4128; x_wconf 78' lang='lat' dir='ltr'>Dyonisius</span> <span class='ocrx_word' id='word_1_324' title='bbox 705 4048 919 4127; x_wconf 81' lang='lat' dir='ltr'>obligabatur,</span> <span class='ocrx_word' id='word_1_325' title='bbox 949 4064 979 4109; x_wconf 91' lang='lat' dir='ltr'>et</span> <span class='ocrx_word' id='word_1_326' title='bbox 1012 4049 1098 4128; x_wconf 70' lang='lat' dir='ltr'>qarod</span> <span class='ocrx_word' id='word_1_327' title='bbox 1126 4049 1191 4130; x_wconf 85' lang='lat' dir='ltr'>ipse</span> <span class='ocrx_word' id='word_1_328' title='bbox 1229 4050 1343 4110; x_wconf 78' lang='lat' dir='ltr'>l&#39;aulus</span> <span class='ocrx_word' id='word_1_329' title='bbox 1369 4051 1438 4110; x_wconf 87' lang='lat' dir='ltr'>illas</span> <span class='ocrx_word' id='word_1_330' title='bbox 1463 4070 1511 4110; x_wconf 89' lang='lat' dir='ltr'>res</span> 
     </span>
     <span class='ocr_line' id='line_1_36' title="bbox 246 4153 1510 4237; baseline 0.003 -25"><span class='ocrx_word' id='word_1_331' title='bbox 246 4153 345 4233; x_wconf 92' lang='lat' dir='ltr'>ipsius</span> <span class='ocrx_word' id='word_1_332' title='bbox 370 4153 516 4234; x_wconf 68' lang='lat' dir='ltr'>Dyonisii</span> <span class='ocrx_word' id='word_1_333' title='bbox 542 4153 627 4233; x_wconf 90' lang='lat' dir='ltr'>apud</span> <span class='ocrx_word' id='word_1_334' title='bbox 652 4154 755 4234; x_wconf 84' lang='lat' dir='ltr'>ipsum</span> <span class='ocrx_word' id='word_1_335' title='bbox 789 4157 943 4236; x_wconf 83' lang='lat' dir='ltr'>repositas</span> <span class='ocrx_word' id='word_1_336' title='bbox 981 4175 1044 4215; x_wconf 88' lang='lat' dir='ltr'>non</span> <span class='ocrx_word' id='word_1_337' title='bbox 1080 4176 1138 4236; x_wconf 91' lang='lat' dir='ltr'>pro</span> <span class='ocrx_word' id='word_1_338' title='bbox 1164 4156 1274 4231; x_wconf 78' lang='lat' dir='ltr'>majori</span> <span class='ocrx_word' id='word_1_339' title='bbox 1302 4157 1410 4237; x_wconf 88' lang='lat' dir='ltr'>precio</span> <span class='ocrx_word' id='word_1_340' title='bbox 1436 4176 1510 4216; x_wconf 85' lang='lat' dir='ltr'>ven-</span> 
     </span>
     <span class='ocr_line' id='line_1_37' title="bbox 246 4258 1508 4340; baseline 0.004 -22"><span class='ocrx_word' id='word_1_341' title='bbox 246 4258 327 4319; x_wconf 90' lang='lat' dir='ltr'>didit</span> <span class='ocrx_word' id='word_1_342' title='bbox 352 4259 412 4319; x_wconf 91' lang='lat' dir='ltr'>nisi</span> <span class='ocrx_word' id='word_1_343' title='bbox 437 4278 495 4339; x_wconf 94' lang='lat' dir='ltr'>pro</span> <span class='ocrx_word' id='word_1_344' title='bbox 523 4273 623 4335; x_wconf 86' lang='lat' dir='ltr'>tanto,</span> <span class='ocrx_word' id='word_1_345' title='bbox 657 4277 778 4339; x_wconf 83' lang='lat' dir='ltr'>quantu</span> <span class='ocrx_word' id='word_1_346' title='bbox 810 4282 917 4322; x_wconf 92' lang='lat' dir='ltr'>coram</span> <span class='ocrx_word' id='word_1_347' title='bbox 944 4262 1038 4322; x_wconf 89' lang='lat' dir='ltr'>nubis</span> <span class='ocrx_word' id='word_1_348' title='bbox 1070 4263 1259 4340; x_wconf 84' lang='lat' dir='ltr'>nominavit,</span> <span class='ocrx_word' id='word_1_349' title='bbox 1285 4263 1397 4323; x_wconf 88' lang='lat' dir='ltr'>eadem</span> <span class='ocrx_word' id='word_1_350' title='bbox 1433 4262 1508 4323; x_wconf 86' lang='lat' dir='ltr'>feria</span> 
     </span>
     <span class='ocr_line' id='line_1_38' title="bbox 241 4366 936 4447; baseline 0.006 -22"><span class='ocrx_word' id='word_1_351' title='bbox 241 4380 328 4426; x_wconf 85' lang='lat' dir='ltr'>sexta</span> <span class='ocrx_word' id='word_1_352' title='bbox 356 4379 495 4446; x_wconf 86' lang='lat' dir='ltr'>prestare</span> <span class='ocrx_word' id='word_1_353' title='bbox 521 4379 550 4426; x_wconf 91' lang='lat' dir='ltr'>et</span> <span class='ocrx_word' id='word_1_354' title='bbox 576 4366 736 4447; x_wconf 86' lang='lat' dir='ltr'>deponere</span> <span class='ocrx_word' id='word_1_355' title='bbox 767 4369 936 4430; x_wconf 88' lang='lat' dir='ltr'>tenebitur.</span> 
     </span>
    </p>

    <p class='ocr_par' dir='ltr' id='par_1_3' title="bbox 243 4471 1511 4663">
     <span class='ocr_line' id='line_1_39' title="bbox 350 4471 1511 4556; baseline 0.007 -26"><span class='ocrx_word' id='word_1_356' title='bbox 350 4471 427 4531; x_wconf 93' lang='lat' dir='ltr'>ltem</span> <span class='ocrx_word' id='word_1_357' title='bbox 462 4491 589 4531; x_wconf 90' lang='lat' dir='ltr'>causam</span> <span class='ocrx_word' id='word_1_358' title='bbox 624 4472 705 4532; x_wconf 87' lang='lat' dir='ltr'>inter</span> <span class='ocrx_word' id='word_1_359' title='bbox 738 4473 950 4534; x_wconf 79' lang='lat' dir='ltr'>laurencium</span> <span class='ocrx_word' id='word_1_360' title='bbox 983 4494 1094 4555; x_wconf 88' lang='lat' dir='ltr'>sporar</span> <span class='ocrx_word' id='word_1_361' title='bbox 1124 4490 1153 4536; x_wconf 89' lang='lat' dir='ltr'>et</span> <span class='ocrx_word' id='word_1_362' title='bbox 1187 4476 1268 4537; x_wconf 89' lang='lat' dir='ltr'>inter</span> <span class='ocrx_word' id='word_1_363' title='bbox 1294 4478 1437 4537; x_wconf 90' lang='lat' dir='ltr'>Marcum</span> <span class='ocrx_word' id='word_1_364' title='bbox 1464 4476 1511 4556; x_wconf 87' lang='lat' dir='ltr'>ju·</span> 
     </span>
     <span class='ocr_line' id='line_1_40' title="bbox 243 4577 1508 4663; baseline 0.006 -27"><span class='ocrx_word' id='word_1_365' title='bbox 243 4590 362 4655; x_wconf 91' lang='lat' dir='ltr'>ratum,</span> <span class='ocrx_word' id='word_1_366' title='bbox 387 4577 579 4655; x_wconf 86' lang='lat' dir='ltr'>carnificem,</span> <span class='ocrx_word' id='word_1_367' title='bbox 611 4578 739 4639; x_wconf 89' lang='lat' dir='ltr'>racione</span> <span class='ocrx_word' id='word_1_368' title='bbox 770 4578 938 4640; x_wconf 89' lang='lat' dir='ltr'>cuiusdam</span> <span class='ocrx_word' id='word_1_369' title='bbox 971 4581 1116 4642; x_wconf 81' lang='lat' dir='ltr'>maccelli</span> <span class='ocrx_word' id='word_1_370' title='bbox 1151 4601 1206 4663; x_wconf 88' lang='lat' dir='ltr'>per</span> <span class='ocrx_word' id='word_1_371' title='bbox 1231 4582 1350 4659; x_wconf 86' lang='lat' dir='ltr'>juratos</span> <span class='ocrx_word' id='word_1_372' title='bbox 1383 4583 1508 4661; x_wconf 80' lang='lat' dir='ltr'>adjudi-</span> 
     </span>
    </p>
   </div>
   <div class='ocr_carea' id='block_1_3' title="bbox 242 4682 1510 4851">
    <p class='ocr_par' dir='ltr' id='par_1_4' title="bbox 242 4682 1510 4851">
     <span class='ocr_line' id='line_1_41' title="bbox 242 4682 1510 4771; baseline 0.006 -29"><span class='ocrx_word' id='word_1_373' title='bbox 242 4695 345 4743; x_wconf 90' lang='lat' dir='ltr'>catam</span> <span class='ocrx_word' id='word_1_374' title='bbox 371 4683 464 4743; x_wconf 88' lang='lat' dir='ltr'>etad</span> <span class='ocrx_word' id='word_1_375' title='bbox 490 4703 549 4744; x_wconf 91' lang='lat' dir='ltr'>nos</span> <span class='ocrx_word' id='word_1_376' title='bbox 572 4684 714 4745; x_wconf 89' lang='lat' dir='ltr'>seniores</span> <span class='ocrx_word' id='word_1_377' title='bbox 738 4682 859 4764; x_wconf 87' lang='lat' dir='ltr'>judices</span> <span class='ocrx_word' id='word_1_378' title='bbox 883 4705 938 4767; x_wconf 91' lang='lat' dir='ltr'>per</span> <span class='ocrx_word' id='word_1_379' title='bbox 968 4686 1107 4748; x_wconf 90' lang='lat' dir='ltr'>eundem</span> <span class='ocrx_word' id='word_1_380' title='bbox 1133 4687 1277 4748; x_wconf 90' lang='lat' dir='ltr'>Marcum</span> <span class='ocrx_word' id='word_1_381' title='bbox 1303 4689 1510 4771; x_wconf 88' lang='lat' dir='ltr'>appellatam,</span> 
     </span>
     <span class='ocr_line' id='line_1_42' title="bbox 242 4787 818 4851; baseline 0.007 -4"><span class='ocrx_word' id='word_1_382' title='bbox 242 4787 507 4849; x_wconf 82' lang='lat' dir='ltr'>confirmavimus</span> <span class='ocrx_word' id='word_1_383' title='bbox 528 4804 559 4851; x_wconf 89' lang='lat' dir='ltr'>et</span> <span class='ocrx_word' id='word_1_384' title='bbox 583 4791 818 4851; x_wconf 86' lang='lat' dir='ltr'>roboravimus.</span> 
     </span>
    </p>
   </div>
   <div class='ocr_carea' id='block_1_4' title="bbox 0 0 1750 5272">
    <p class='ocr_par' dir='ltr' id='par_1_5' title="bbox 0 0 1750 5272">
     <span class='ocr_line' id='line_1_43' title="bbox 0 0 1750 5272; baseline 0 0"><span class='ocrx_word' id='word_1_385' title='bbox 0 0 1750 5272; x_wconf 95' lang='lat' dir='ltr'> </span> 
     </span>
    </p>
   </div>
  </div>
 </body>
</html>
