3488 5272
243 313 301 372 152
665 298 750 355 Anno
772 293 865 375 1458.
949 310 984 374 5.
1007 301 1088 358 mari.

237 526 332 588 super
355 526 404 582 e0‚
429 507 517 587 quod
550 508 699 589 quitquid
732 507 794 569 due
826 527 901 589 apes
932 508 1111 588 valuerunt,
1144 509 1291 591 deposito
1326 510 1396 592 ipso
1420 508 1506 592 jura·

238 629 348 676 mento
374 614 458 675 idem
485 615 686 697 Margaretha
711 615 826 677 debeat
849 616 909 676 sibi
935 616 1127 698 persolvere.

345 721 422 782 ltem
448 741 504 802 per
528 722 803 804 composicionem
830 722 1062 783 nonnullorum
1095 725 1272 803 proborum
1298 737 1329 785 et
1355 723 1506 786 honesto·

239 847 310 888 rum
335 827 477 887 virorum
503 827 648 889 Marinus
675 827 770 906 judex
804 827 959 889 lacobum
984 826 1087 889 filium
1114 828 1198 889 Petri
1232 829 1349 891 literati
1374 829 1505 891 racione

239 933 456 1014 quorumdam
480 932 677 994 florenorum
703 933 788 994 misit
812 933 997 1014 expeditum
1021 934 1062 995 ita
1087 933 1249 1012 videlicet,
1274 934 1412 1016 quodsi
1437 935 1506 1017 ipse

239 1040 378 1101 lacobus
402 1040 507 1101 eidem
534 1040 660 1100 Marino
685 1038 783 1119 judici
801 1058 902 1120 usque
928 1041 967 1100 ad
992 1039 1233 1119 quindecimam
1252 1040 1339 1102 diem
1364 1040 1506 1102 sedecim

239 1146 308 1209 flor.
334 1166 399 1207 non
431 1146 632 1228 persolverit,
665 1160 780 1206 extunc
812 1145 928 1227 elapsis
960 1145 1036 1226 ipsis
1069 1145 1255 1226 quindecim
1280 1145 1394 1208 diebus
1417 1145 1505 1208 idem

240 1255 379 1315 lacobus
411 1252 534 1335 prefato
567 1254 692 1314 Marino
718 1252 815 1333 judici
848 1253 909 1313 XX
941 1253 1011 1315 flor.
1037 1269 1067 1314 et
1098 1254 1332 1336 quinquaginta
1357 1254 1507 1316 denarios

239 1361 307 1422 sine
333 1360 423 1421 omni
447 1359 629 1441 juramento
655 1359 817 1441 deponere
843 1360 973 1420 debebit
997 1374 1028 1421 et
1052 1360 1224 1422 tenebitur.

267 1597 363 1670 Faria
393 1606 490 1669 sexta
521 1601 674 1686 proxima
712 1606 788 1687 post
816 1598 938 1669 festum
968 1599 1178 1670 lnvencionis
1208 1606 1324 1671 sancte
1353 1598 1479 1671 Crucis.

795 1757 838 1826 (5.
862 1753 956 1826 mari),

345 1891 422 1953 ltem
450 1891 572 1973 Symon
599 1890 726 1951 Italicus
750 1891 879 1951 racione
913 1890 1079 1952 cuiusdam
1106 1893 1180 1972 equi
1215 1893 1352 1954 Barbare
1378 1892 1506 1954 mulieri

239 2017 370 2058 omnem
395 1995 650 2057 satisfaccionem
677 1995 844 2076 impendit.

346 2104 424 2166 ltem
451 2102 608 2164 Martinus
633 2116 742 2162 contra
776 2101 930 2163 Mathiam
964 2102 1066 2165 filium
1092 2103 1221 2166 Andree
1255 2105 1360 2187 primo
1392 2105 1507 2166 citatus

239 2230 304 2272 non
330 2209 518 2291 comparuit.

346 2316 423 2377 ltem
456 2314 647 2376 Valentinus
681 2312 770 2375 faber
801 2328 911 2374 contra
945 2314 1166 2376 Sthankonem
1199 2315 1347 2378 similiter
1379 2314 1507 2378 fabrum

239 2421 381 2483 secundo
406 2421 519 2482 citatus
543 2439 608 2480 non
634 2419 824 2500 comparuit.

346 2528 424 2589 ltem
449 2527 640 2588 Valentinus
666 2524 754 2586 faber
779 2539 888 2587 contra
914 2526 1068 2587 Mathiam
1093 2546 1309 2589 successorem
1335 2526 1505 2612 Joffanych

240 2635 344 2716 primo
369 2633 482 2695 citatus
507 2652 571 2693 non
598 2631 786 2713 comparuit.

346 2739 424 2800 Item
450 2738 603 2800 Clemens
636 2735 724 2798 faber
758 2749 867 2798 contra
901 2736 1078 2819 Symonem
1111 2758 1224 2800 cocum
1258 2739 1363 2821 primo
1395 2741 1507 2802 citatus

240 2866 305 2907 non
331 2846 521 2927 comparuit.

347 2952 423 3012 ltem
450 2949 593 3011 Marinus
617 2947 712 3030 judex
738 2949 768 3009 id
794 2968 866 3008 cum
892 2949 1027 3010 Nicolao
1052 2949 1214 3012 aurifabro
1239 2953 1317 3014 alias
1342 2953 1448 3033 judice
1473 2968 1505 3015 et

240 3060 372 3120 concive
397 3072 507 3117 nostro
532 3074 638 3116 coram
665 3055 757 3115 nobis
792 3055 821 3114 in
847 3054 969 3135 judicio
1002 3059 1236 3137 comprobavit,
1262 3060 1350 3141 quod
1376 3080 1504 3121 causam

243 3166 324 3225 inter
357 3165 461 3244 ipsum
494 3176 524 3222 et
556 3161 698 3221 Blasium
735 3159 871 3237 juratum
907 3161 1034 3222 racione
1068 3165 1281 3242 quarumdam
1315 3166 1507 3244 stacionum,

242 3270 378 3330 condam
404 3269 530 3329 Vlrrcus
555 3285 663 3326 comes
688 3265 771 3326 Cilie
797 3280 855 3326 etc.
873 3267 961 3346 prius
987 3267 1025 3328 de
1049 3267 1169 3344 judicio
1195 3284 1304 3331 nostro
1330 3272 1360 3331 in
1379 3291 1506 3352 presen-

241 3377 322 3436 ciam
348 3376 447 3457 ipsius
478 3373 683 3454 appellatam,
716 3372 800 3430 idem
827 3390 899 3431 cum
936 3372 1025 3432 totali
1052 3393 1201 3454 processu
1234 3395 1292 3435 suo
1319 3396 1418 3457 usque
1451 3376 1505 3437 ad·

242 3497 372 3542 ventum
397 3499 489 3540 suum
517 3479 555 3539 ad
581 3475 736 3559 prefatam
762 3477 921 3536 civitatem
949 3480 1133 3557 prorogavit
1158 3479 1374 3554 judicandam.

347 3586 423 3645 ltem
450 3584 557 3644 relicta
582 3581 718 3642 condam
744 3581 900 3641 Anthonii
933 3580 1011 3642 fabri
1038 3597 1147 3644 contra
1175 3586 1338 3647 Marinum
1366 3587 1505 3668 judicem

243 3692 347 3774 primo
372 3692 464 3750 citata
491 3708 555 3748 non
581 3687 771 3766 comparuit.

349 3796 424 3856 ltem
452 3795 559 3855 relicta
585 3792 722 3854 condam
743 3792 901 3852 Leonardi
928 3794 1044 3853 sutoris
1062 3815 1146 3854 nunc
1171 3816 1246 3857 vero
1265 3816 1395 3858 consors
1415 3798 1506 3879 legit-

242 3904 319 3966 tima
352 3902 490 3982 Philippi
524 3900 640 3960 sutoris
676 3913 785 3958 contra
820 3897 979 3958 Marinum
1011 3898 1149 3976 judicem
1183 3902 1287 3983 primo
1313 3904 1406 3964 citata
1440 3924 1505 3966 non

243 4008 432 4091 comparuit.

350 4115 426 4176 ltem
452 4114 552 4174 Elena
578 4111 687 4172 relicta
719 4109 807 4170 Pauli
834 4108 1024 4189 Kerpanycb
1058 4125 1088 4169 et
1114 4111 1198 4170 Dora
1224 4111 1288 4173 filia
1316 4134 1372 4175 sua
1397 4132 1507 4177 contra

245 4223 387 4284 relictam
414 4219 592 4282 Clementis
618 4214 781 4277 Bubuetb
799 4214 1015 4291 juramentum
1040 4213 1257 4295 deposuerunt
1285 4219 1316 4279 in
1344 4240 1393 4298 eo,
1418 4223 1506 4301 quod

247 4332 312 4414 ipse
337 4347 402 4389 non
427 4339 500 4386 sunt
524 4324 583 4384 sibi
610 4320 787 4403 culpabiles
814 4319 843 4378 in
875 4316 1024 4396 illisque
1051 4319 1116 4399 ipsa
1146 4336 1255 4383 contra
1281 4326 1409 4386 easdem
1434 4347 1505 4409 pro·

269 4448 362 4498 osuit.

247 4457 266 4519 p
352 4541 429 4602 ltem
455 4535 548 4615 jurati
573 4531 837 4612 adjudicaverunt
861 4544 989 4586 causam
1016 4527 1097 4587 inter
1121 4529 1249 4591 Petrum
1274 4533 1411 4610 juratum
1436 4557 1505 4597 mo-

248 4650 384 4710 dernum
409 4660 440 4708 et
465 4640 667 4705 Lodouicum
686 4633 850 4696 concivem
868 4645 1013 4692 nostrum
1032 4634 1158 4695 racione
1176 4636 1341 4699 cuiusdam
1359 4643 1505 4720 pecunie,

247 4774 343 4837 quam
370 4752 455 4814 idem
480 4749 590 4811 Petrus
614 4740 737 4826 prelato
756 4735 930 4799 Lodowico
955 4754 1028 4796 cum
1052 4738 1192 4819 quadam
1218 4742 1295 4804 cista
1320 4743 1449 4808 dederat
1474 4763 1505 4812 et
