3488 5272
242 349 303 411 352
649 329 736 386 Anno
759 325 853 405 1469.
880 363 920 370 —
939 340 973 403 5.
1001 327 1088 389 maii.

243 542 404 624 Zayltonis
429 539 584 601 carnificis
609 541 640 600 in
659 560 774 622 campo
799 554 829 602 et
851 541 1011 601 territorio
1028 541 1112 600 dicte
1138 540 1273 600 civitatis
1290 539 1401 618 habiti,
1419 540 1507 621 quod

242 646 338 709 senile
364 648 430 728 ipse
457 646 574 708 Paulus
605 644 766 708 aurifaber
800 666 857 727 pro
890 666 922 706 se
948 661 978 707 et
1009 647 1074 706 suis
1105 647 1232 706 colonis
1260 661 1453 708 convenerat
1478 660 1508 706 et

243 755 308 837 ipse
336 754 437 814 Lucas
462 754 492 813 in
519 772 654 834 persona
678 753 782 813 tocius
814 753 1057 813 communitatis
1089 752 1172 813 dicte
1198 753 1334 814 civitatis
1359 772 1417 833 pto
1442 753 1508 834 ipsa

242 861 472 922 communitate
505 859 723 941 prohibuerat,
748 860 835 940 quod
862 857 969 936 fenile,
997 860 1088 938 jurati
1116 860 1199 921 dicte
1232 859 1379 937 civitatis,
1403 860 1506 940 magia

240 967 454 1029 communitas
487 986 544 1048 pro
576 980 662 1026 tanta
694 965 846 1046 peccunia
879 985 937 1046 pro
966 985 1028 1045 qua
1054 985 1109 1047 per
1144 966 1247 1047 ipsum
1276 965 1410 1026 Paulum
1444 963 1506 1026 fuit

241 1088 447 1150 conventum,
465 1072 567 1153 magis
583 1072 783 1132 voluntatior
800 1071 917 1132 habere
933 1072 1060 1153 poterit,
1078 1072 1117 1131 de
1139 1091 1204 1152 quo
1222 1072 1343 1149 iudicio
1362 1071 1504 1152 ipsorum

242 1179 308 1260 ipse
335 1179 456 1240 Paulus
476 1197 539 1238 non
574 1191 743 1238 contentus
775 1178 911 1238 eandem
945 1197 1073 1237 causam
1106 1178 1281 1258 appellavit
1312 1178 1351 1238 ad
1378 1197 1436 1238 nos
1460 1197 1508 1237 se·

242 1287 347 1345 niores
371 1285 503 1364 judices,
529 1303 625 1364 quam
651 1303 779 1344 causam
803 1303 858 1365 per
883 1284 969 1366 ipsos
993 1283 1113 1362 juratos
1136 1283 1352 1362 adjudicatam
1378 1283 1507 1344 racione

243 1391 341 1471 ipsius
366 1388 472 1450 fertilis
496 1409 555 1450 nos
579 1390 721 1450 seniores
746 1390 866 1470 judices
899 1390 1149 1471 approbavimus
1181 1403 1211 1448 et
1236 1387 1508 1466 confirmavimus,

241 1495 466 1576 quodquidem
486 1494 593 1572 lenile,
618 1495 706 1574 quod
726 1496 756 1555 in
782 1515 918 1576 persona
941 1496 1182 1556 communitatis
1208 1496 1273 1576 ipse
1301 1495 1402 1556 Lucas
1419 1509 1508 1556 sutor

241 1622 299 1683 pto
324 1602 554 1663 communitate
580 1602 787 1682 prohibuerat
822 1603 886 1682 ipse
919 1603 1020 1662 Lucas
1044 1614 1133 1661 sutor
1159 1620 1295 1662 unacum
1322 1601 1414 1661 certis
1437 1600 1508 1661 aliis

241 1711 306 1769 suis
330 1709 487 1770 consociis
511 1709 634 1768 civibus
658 1709 740 1768 dicte
762 1708 898 1769 civitatis
922 1709 1000 1769 emit
1017 1722 1048 1768 et
1076 1708 1275 1789 comparavit
1300 1721 1330 1768 et
1355 1708 1399 1767 sic
1417 1726 1506 1787 emp-

240 1830 306 1876 tum
333 1814 555 1875 communitati
575 1815 658 1875 dicte
676 1815 812 1875 civitatis
832 1815 1061 1896 perpetualiter
1078 1813 1236 1875 dederunt
1254 1814 1292 1874 ad
1319 1812 1504 1874 communia

240 1942 367 2003 pascua,
393 1921 434 1983 ita
459 1935 578 1998 tamen,
596 1921 683 2001 quod
710 1921 789 1981 nulli
816 1923 949 1982 comites
968 1921 1065 1981 nostri
1091 1940 1149 2001 pro
1169 1935 1313 2001 tempore
1338 1921 1508 1980 existentes

241 2028 362 2088 nullam
389 2027 646 2107 jurisdiccionem
670 2028 751 2088 circa
777 2027 881 2109 ipsum
901 2026 998 2088 fenile
1016 2027 1133 2088 habere
1158 2041 1320 2108 poterunt,
1345 2027 1399 2087 sed
1419 2047 1506 2088 corn·

241 2133 380 2194 munitet
405 2134 435 2192 in
462 2133 576 2193 eodem
602 2133 739 2213 quilibet
763 2133 881 2194 civium
906 2149 936 2194 et
961 2133 1211 2194 inhabitatorum
1239 2152 1367 2214 pascere
1393 2151 1505 2193 eorum

243 2239 394 2300 animalia
412 2238 564 2299 valebunt
582 2252 612 2299 et
624 2253 793 2319 poterunt;
811 2254 841 2300 et
858 2239 935 2300 dum
954 2241 1019 2320 ipse
1046 2240 1155 2321 Zaylto
1169 2239 1285 2319 jurabit
1302 2259 1360 2320 pro
1378 2239 1507 2318 quantis

240 2346 402 2425 peccuniis
427 2345 531 2406 eidem
559 2345 658 2406 Paulo
683 2346 839 2424 vendidit,
864 2360 980 2407 extunc
1005 2348 1071 2426 ipse
1096 2347 1197 2406 Lucas
1222 2366 1295 2407 cum
1320 2347 1416 2406 sociis
1440 2346 1506 2405 suis

238 2451 363 2512 solvere
396 2452 557 2511 tenebitur
588 2451 693 2512 eidem
726 2452 836 2534 Zayko
862 2453 965 2534 ipsum
1000 2450 1110 2531 fenile,
1143 2466 1173 2513 et
1205 2453 1272 2533 ipse
1298 2453 1373 2513 dare
1399 2453 1506 2513 literas

239 2557 462 2617 communitati
488 2557 571 2617 dicte
597 2558 742 2635 civitatis,
765 2558 872 2619 literas
889 2559 927 2619 ad
947 2559 1050 2639 ipsum
1077 2557 1173 2619 fenile
1198 2574 1358 2636 sonantes,
1384 2573 1415 2620 et
1439 2559 1505 2641 ipse

239 2663 348 2744 Zaylto
373 2662 588 2742 juramentum
615 2679 752 2745 prestare
784 2666 945 2728 tenebitur
976 2663 1053 2726 feria
1086 2681 1172 2727 sexta
1198 2667 1342 2748 proxima
1368 2666 1398 2725 in
1425 2664 1505 2725 festo

241 2768 429 2844 Gotthardi;
455 2770 493 2829 de
519 2790 584 2851 quo
618 2770 737 2851 judicio
771 2787 952 2834 nostrorum
986 2773 1148 2833 seniorum
1184 2774 1250 2853 ipse
1281 2772 1398 2833 l‘aulus
1422 2773 1505 2832 auri·

238 2873 327 2935 faber
352 2895 415 2934 nnn
441 2889 620 2953 contentus,
646 2877 782 2938 eandem
800 2899 927 2939 causam
954 2879 1128 2960 appellavit
1155 2879 1184 2938 in
1212 2879 1410 2960 presenciam
1437 2898 1503 2938 ma·

238 2982 325 3060 gistri
345 2982 602 3060 tau‘ernicorum,
628 2985 745 3063 quibus
762 2986 904 3066 partibus
925 3005 1032 3045 coram
1050 2987 1164 3046 eodem
1185 2987 1336 3064 magistro
1354 2985 1502 3045 tavvarni·

239 3107 350 3148 corum
376 3089 581 3169 comparendi
607 3089 790 3170 preliximus
811 3093 1091 3172 quadragesimum
1119 3094 1204 3152 diem
1230 3092 1315 3151 atlie
1341 3091 1503 3171 adjudica-

242 3194 342 3254 cionis
367 3208 484 3254 nostre.

266 3428 359 3501 terta
390 3440 489 3501 sexta
519 3433 669 3519 proxima
704 3443 778 3522 nost
808 3436 929 3506 lestum
965 3437 1171 3508 lnvencionis
1201 3450 1316 3510 sancte
1346 3439 1472 3509 Crucis.

789 3590 830 3662 (5.
856 3589 952 3657 attali).

345 3725 421 3785 ltem
447 3725 521 3805 quia
544 3725 758 3805 juramentum
778 3729 865 3808 quod
884 3749 963 3789 uxor
981 3729 1168 3790 Thomaslto
1185 3733 1314 3791 sartoris
1338 3732 1502 3792 terciamet

238 3845 351 3891 octavo
377 3831 428 3890 die
461 3828 529 3891 lesti
564 3832 822 3893 llesurreccionis
858 3835 999 3912 Domini,
1031 3837 1175 3917 proxime
1208 3838 1358 3918 preteriti,
1392 3853 1501 3898 eontra

239 3936 408 4016 providum
435 3937 538 3996 vitum
566 3937 728 3997 Andream
747 3938 847 4000 lilium
875 3942 1035 4021 Symonis,
1054 3943 1176 4024 pridem
1205 3943 1354 4021 judicem,
1372 3945 1500 4004 rat-ione

238 4041 382 4103 dacionis
408 4043 599 4123 inpulsionis
630 4046 845 4123 quorumdam
879 4046 1066 4107 animalium
1103 4051 1132 4108 in
1167 4050 1298 4110 domum
1326 4066 1355 4109 et
1381 4052 1501 4111 curiam

237 4167 338 4223 suam,
364 4162 457 4228 prout
482 4148 630 4224 debebat,
656 4169 719 4209 non
746 4150 905 4231 deposuit.

344 4253 420 4313 ltem
447 4255 521 4333 quia
546 4269 691 4335 tempore
717 4255 874 4330 judicatus
900 4259 955 4318 viri
976 4261 1100 4338 providi
1127 4263 1254 4322 ilntlree
1273 4262 1327 4323 lilii
1349 4263 1499 4332 Simonis,

238 4358 362 4440 pridem
389 4358 511 4436 judicis,
530 4359 744 4435 jurameutum
770 4382 825 4442 per
850 4363 969 4439 juratos
987 4365 1068 4426 dicte
1094 4368 1240 4444 civitatis,
1258 4370 1344 4448 quod
1372 4371 1498 4429 racione

238 4464 403 4527 cuiusdam
430 4466 598 4526 damastini
625 4467 737 4546 viginti
771 4485 908 4548 quatuor
934 4471 1081 4532 ulnarum
1117 4474 1232 4534 XXXll
1260 4475 1326 4536 flor.
1354 4477 1420 4536 auti
1447 4497 1499 4535 va·

238 4571 343 4647 lentis,
367 4572 454 4651 quod
474 4573 519 4632 vir
537 4572 690 4652 providus
709 4573 825 4635 Paulus
843 4574 908 4635 lah
927 4578 1067 4637 concivis
1092 4595 1198 4639 noster
1215 4582 1299 4662 apud
1325 4582 1496 4662 providum

239 4676 416 4738 iohannem
444 4677 617 4760 l‘etowych
649 4680 813 4741 dimiserat
847 4695 878 4741 et
909 4682 1042 4743 domino
1077 4685 1133 4744 lan
1167 4686 1301 4766 Zagorie
1333 4689 1441 4748 comiti
1468 4704 1498 4749 et

238 4783 322 4844 bauo
357 4782 450 4863 dare,
485 4784 569 4845 idem
604 4785 766 4847 lohannes
807 4787 979 4868 Perowych
1013 4789 1174 4870 deponere
1207 4793 1364 4868 debebat3
1398 4813 1494 4873 quem
