3488 5272
627 331 713 386 Anno
736 327 827 405 146j.
854 363 894 370 —
919 325 971 388 28,
988 330 1138 403 J'crnuarr'i.

252 562 362 622 passus
385 539 454 614 suit,
480 563 537 602 nec
555 563 610 623 per
633 560 740 601 senec
761 561 816 621 per
833 540 1001 601 dominum
1019 559 1123 617 suum,
1140 539 1194 600 sed
1216 560 1273 600 nec
1291 560 1347 622 per
1371 541 1514 621 aliquam

252 649 472 729 interpositam
498 668 667 729 personam
693 647 786 707 nobis
810 662 902 707 etex
927 647 1042 706 nostris
1070 646 1165 707 alicui
1190 646 1314 707 civibus
1339 647 1421 707 dicte
1439 647 1516 708 civi·

252 755 324 816 tatis
348 756 482 835 aliquod
506 756 683 835 dampnum
710 755 740 815 in
775 755 870 814 rebus
901 768 955 813 aut
981 753 1012 813 in
1038 753 1182 834 personis
1207 752 1301 814 faciat
1333 754 1516 835 procurabit

253 861 302 921 vel
327 880 497 942 procurare
523 862 591 922 vult
615 861 665 922 vel
691 860 845 937 intendet,
870 872 963 941 prout
989 859 1054 939 ipse
1086 858 1338 940 Christopborus
1360 880 1393 920 se
1423 860 1516 920 nobis

252 966 402 1027 videlieet
426 967 648 1027 communitati
674 966 756 1027 dicte
775 966 910 1026 civitatis
934 984 967 1027 se
991 965 1104 1026 litteris
1128 966 1192 1026 suis
1216 966 1432 1027 mediantibus
1457 987 1513 1049 per

253 1073 356 1154 ipsum
374 1073 467 1134 nobis
492 1073 572 1134 datis
597 1073 696 1134 lacius
720 1073 901 1133 continetur
927 1087 957 1132 et
981 1071 1115 1132 habetur
1139 1092 1171 1132 se
1195 1072 1361 1153 obligavit.

288 1309 382 1382 Feria
411 1322 507 1383 sexta
537 1312 688 1401 proxima
718 1320 793 1401 post
823 1313 944 1383 festum
979 1311 1212 1384 Conversiouis
1241 1315 1351 1384 sancti
1382 1312 1477 1383 Pauli

805 1437 960 1525 apostoli.

650 1604 714 1684 (28.
729 1609 880 1683 farinarii,
904 1626 974 1666 anri.
1000 1604 1107 1683 1463).

359 1765 435 1827 ltem
463 1766 608 1826 Thomas
632 1781 732 1827 sartor
768 1767 874 1826 senior
898 1764 1018 1844 juratus
1043 1781 1073 1827 et
1098 1765 1239 1827 concivis
1263 1780 1380 1841 noster,
1405 1781 1515 1827 contra

254 1872 418 1932 Simonem
445 1887 586 1933 sutorem
625 1874 791 1933 concivem
825 1888 979 1951 nostrum,
1004 1873 1109 1954 primo
1142 1872 1265 1950 citatus,
1290 1892 1396 1934 coram
1423 1874 1515 1935 nobis

256 1979 286 2038 in
313 1977 432 2058 judicio
458 1999 522 2040 non
548 1980 738 2061 comparuit.

358 2086 435 2146 Item
461 2105 590 2146 causam
609 2086 689 2146 inter
707 2086 863 2148 Mathiam
881 2087 1080 2167 Tergowecz
1105 2101 1135 2147 et
1153 2086 1361 2148 Dominicum
1388 2087 1514 2148 racione

253 2192 465 2271 percussionis
490 2192 588 2273 ipsius
621 2191 740 2253 Mathie
774 2212 830 2275 per
862 2192 1081 2269 Dominicum,
1114 2192 1207 2273 jurati
1240 2191 1514 2273 adjudicaverunt,

251 2298 326 2379 quia
352 2299 417 2379 ipse
444 2298 632 2359 Dominicus
658 2318 720 2359 non
744 2299 872 2379 negavit
896 2298 983 2379 quod
1002 2298 1156 2380 percussit
1172 2299 1322 2377 eundem,
1348 2299 1513 2359 convictus

252 2418 297 2466 est
323 2419 431 2466 contra
465 2405 568 2487 ipsum
603 2406 756 2467 Mathiam
782 2406 813 2466 in
845 2405 956 2485 viginti
991 2405 1134 2486 quinque
1170 2405 1283 2466 marcis
1307 2404 1512 2466 denariorum

253 2527 283 2573 et
309 2515 339 2573 in
365 2514 508 2594 quinque
534 2514 640 2595 pensis
663 2514 867 2575 denariorum
893 2528 1002 2575 contra
1027 2513 1155 2593 juratos.
