3488 5272
605 299 692 356 Anno
714 293 804 374 1478.
830 331 872 341 —
894 312 925 374 4.
949 296 1121 371 septembrii.
1433 316 1496 378 475

343 508 421 571 item
445 530 572 572 causam
605 511 687 570 inter
712 509 901 571 Michaelem
934 522 1076 569 sutorem
1109 527 1180 570 cum
1208 508 1358 590 Philippo
1383 508 1497 591 Dudey

237 615 462 698 proquodam
489 636 554 677 uno
586 615 655 677 flor.
679 635 736 697 per
768 615 887 694 juratos
918 614 1132 694 adjudicatam
1161 627 1192 676 et
1223 615 1263 674 ad
1286 615 1428 674 seniores
1453 614 1498 691 ju·

236 719 324 783 dices
348 722 553 803 appellatam,
577 722 719 784 seniores
750 721 871 801 judices
902 719 1177 800 adjudicaverunt,
1205 720 1292 801 quod
1319 720 1404 781 idem
1438 720 1497 781 Mi·

236 826 327 888 chael
360 841 449 889 sutor
481 828 584 888 eidem
620 827 768 910 Philippo
801 827 916 910 Dudey
949 825 1087 887 eundem
1121 825 1189 889 flor.
1219 826 1286 888 sine
1320 826 1499 905 juramento

236 933 332 996 debet
356 932 531 996 exsolvere.

264 1150 360 1225 Feria
390 1161 486 1224 sexta
515 1156 668 1241 proxima
698 1164 776 1225 aute
814 1143 969 1245 (festum)
1005 1154 1205 1226 Nativitatis
1242 1156 1340 1225 beate
1367 1153 1473 1225 llarie

789 1297 944 1365 vrrgrurs.

742 1432 787 1509 (4.
811 1432 997 1506 septembris).

343 1571 420 1632 ltem
446 1571 521 1652 quia
547 1571 637 1634 litere
661 1590 756 1652 super
787 1571 921 1632 domum
947 1572 1071 1633 Nicolai
1105 1572 1251 1655 Poyeycz
1282 1572 1444 1654 perierunt
1469 1586 1498 1633 et

237 1675 277 1737 ad
301 1676 418 1738 trinam
444 1674 602 1738 forensem
628 1678 789 1760 publicam
809 1678 1100 1759 proclamacionem
1123 1679 1250 1739 easdem
1278 1678 1416 1760 reperire
1433 1698 1498 1739 non

237 1796 421 1864 potuerunt,
447 1784 519 1845 ideo
545 1785 759 1845 communitas
786 1783 927 1845 decrevit
952 1784 1056 1845 eidem
1082 1785 1157 1845 dare
1182 1784 1289 1846 literas
1313 1798 1344 1846 et
1368 1784 1434 1863 jura
1460 1785 1499 1845 de

238 1908 324 1951 novo
351 1909 446 1971 super
470 1890 605 1952 eandem
631 1891 765 1952 domum
791 1891 878 1972 quod
904 1891 985 1951 liber
999 1904 1045 1952 est
1069 1890 1204 1952 eandem
1231 1890 1369 1951 vendere
1386 1905 1416 1951 et
1434 1909 1498 1972 quo

237 1996 306 2058 vult
329 1994 434 2058 iacere
458 2016 495 2058 ac
519 1996 690 2078 disponere
715 2016 779 2078 quo
803 1997 864 2057 sibi
886 1996 999 2078 placet.

344 2102 421 2164 ltem
447 2122 573 2164 causam
600 2103 681 2164 inter
712 2102 879 2163 dominam
909 2101 1105 2165 Dorotbeam
1139 2116 1320 2164 consortem
1345 2103 1501 2164 lobannis

239 2208 360 2292 Polyalr
385 2223 416 2270 et
440 2209 649 2270 Katherinam
667 2228 800 2270 uxorem
818 2208 972 2290 Stephani
991 2207 1105 2270 literati
1131 2208 1259 2269 racione
1284 2208 1499 2289 quorumdam

237 2335 378 2377 asserum
410 2330 549 2397 quatuor
580 2316 795 2396 plaustrorum
828 2315 920 2394 jurati
951 2315 1233 2395 adjudicaverunt,
1265 2315 1353 2395 quod
1386 2316 1499 2376 eadem

241 2421 336 2484 debet
360 2421 463 2501 jurare
487 2441 582 2504 super
605 2440 655 2498 eo,
673 2421 760 2502 quod
786 2421 898 2483 eadem
924 2441 988 2503 qon
1005 2434 1132 2482 tenetur
1148 2420 1208 2482 sibi
1233 2421 1365 2482 eosdem
1382 2441 1500 2482 asseres

241 2547 299 2589 nec
324 2528 411 2609 ligna
437 2528 467 2588 in
493 2528 591 2608 vulgo
615 2528 675 2589 lez.

345 2634 423 2695 ltem
449 2635 480 2694 in
499 2632 584 2695 facto
608 2634 690 2695 inter
706 2633 834 2695 easdem
852 2652 909 2715 pro
927 2635 1067 2716 quodam
1093 2655 1158 2697 uno
1176 2634 1256 2712 flor,
1274 2635 1412 2697 eundem
1431 2634 1500 2696 flor.

239 2740 325 2801 idem
352 2740 514 2801 Dorothea
540 2741 680 2820 requirat
705 2753 736 2801 et
753 2740 867 2800 habeat
891 2760 907 2800 a
932 2760 998 2821 quo
1024 2742 1142 2823 incepit
1166 2743 1305 2824 recipere
1330 2741 1498 2823 pecuniam

238 2847 387 2912 videlicet
411 2867 428 2908 a
455 2845 613 2928 Gregorio
639 2845 705 2907 lilio
731 2846 866 2907 condam
893 2847 1047 2909 lobannis
1072 2848 1235 2911 Perouicz.

344 2954 421 3015 ltem
446 2974 573 3015 causam
593 2954 674 3016 inter
690 2954 856 3014 dominam
874 2954 989 3014 Nesum
1008 2968 1190 3015 consortem
1207 2954 1332 3015 Nicolai
1352 2952 1499 3014 Horuath

238 3076 269 3121 et
293 3059 492 3141 Stephanum
517 3060 677 3120 literatum
703 3059 841 3137 juratum
871 3061 1062 3121 modernum
1096 3075 1127 3121 et
1153 3059 1331 3141 Georgium
1356 3060 1500 3121 Zalaricz

239 3167 365 3229 racione
391 3166 503 3247 viginti
530 3165 611 3243 flor,
636 3166 728 3247 jurati
761 3165 1025 3243 adjudicaverunt
1056 3186 1151 3249 super
1176 3187 1226 3244 eo,
1251 3167 1338 3248 quod
1364 3166 1501 3247 quilibet

238 3292 350 3335 eorum
375 3272 551 3334 solusmeth
584 3273 678 3333 debet
702 3271 804 3349 jurare
834 3273 865 3332 in
897 3292 949 3332 ara
983 3288 1090 3334 sancte
1124 3274 1247 3350 Crucis,
1279 3273 1367 3354 quod
1393 3272 1502 3333 nullus

239 3398 350 3441 eorum
377 3398 440 3440 non
466 3392 512 3439 est
537 3376 705 3439 fideiussor
728 3377 848 3460 prefate
882 3378 1013 3439 domine
1038 3380 1120 3441 Nese
1145 3399 1204 3460 pro
1228 3379 1339 3441 decem
1365 3380 1434 3441 flor.

345 3485 422 3546 ltem
449 3488 480 3545 in
513 3483 596 3545 facto
627 3485 803 3563 Margarcte
838 3483 1068 3545 inhabitatricis
1099 3486 1235 3546 civitatis
1259 3504 1331 3546 cum
1365 3484 1501 3545 Nicolao

239 3588 393 3651 Horuath
419 3590 507 3670 quod
533 3591 633 3671 ipsum
666 3591 819 3669 percussit
844 3605 875 3652 et
907 3592 1097 3669 verberavit,
1122 3593 1209 3672 quod
1244 3592 1332 3651 solus
1356 3611 1421 3652 non
1447 3610 1500 3650 ne·

236 3696 335 3777 gavit,
359 3695 451 3775 jurati
477 3696 742 3773 adjudicaverunt
765 3716 860 3778 super
891 3716 941 3772 eo,
964 3698 1051 3777 quod
1086 3697 1171 3757 idem
1200 3698 1377 3777 Margaretu
1402 3697 1497 3755 debet

239 3800 342 3881 jurare
366 3802 595 3863 secundameth
613 3802 760 3863 similiter
784 3822 879 3882 super
903 3821 953 3881 eu,
977 3803 1065 3883 quod
1083 3804 1218 3864 eandem
1246 3805 1330 3865 idem
1349 3801 1501 3863 Nicolaus

241 3905 387 3968 lluruath
405 3908 557 3988 percussit
575 3923 605 3969 et
623 3909 812 3985 verberavit,
836 3924 866 3968 et
883 3924 1052 3990 postquam
1072 3910 1155 3970 idem
1175 3909 1389 3987 jurameutum
1406 3928 1499 3969 suum

239 4012 434 4094 deposuerit,
460 4013 612 4074 Nicolaus
638 4013 783 4074 Horuarh
809 4014 904 4075 debet
932 4015 991 4075 sibi
1024 4016 1147 4077 solvere
1173 4018 1282 4078 decem
1307 4034 1421 4095 pensus
1446 4014 1500 4076 de·

240 4119 415 4195 uariorum,
440 4119 536 4199 judici
562 4136 593 4179 et
617 4118 726 4197 juratis
750 4135 878 4183 eentum
904 4120 1062 4183 denarios.

345 4227 421 4287 ltem
448 4222 587 4287 infacto
620 4227 776 4286 consortis
809 4226 902 4287 Blasii
935 4228 1065 4288 sartoris
1089 4243 1118 4287 et
1143 4228 1224 4286 inter
1257 4246 1388 4287 uxorem
1416 4228 1500 4288 luce

240 4332 388 4394 llibariez
414 4333 541 4393 racione
566 4333 780 4413 percussionis
797 4347 826 4393 et
844 4334 1089 4405 verberationis,
1109 4331 1201 4405 jurari
1223 4332 1498 4409 adiurlicaverurrt,

237 4437 326 4520 quod
351 4439 464 4499 eadem
490 4457 569 4498 uxor
592 4438 688 4499 Blasii
715 4439 810 4499 debet
835 4439 938 4515 jurare
963 4438 1192 4499 secundameth
1217 4459 1312 4519 super
1337 4460 1386 4515 eo,
1411 4441 1500 4519 quod

238 4543 374 4606 eandem
400 4544 465 4625 ipsa
492 4544 669 4605 verberarit
695 4558 725 4605 et
742 4546 913 4626 percussit;
943 4556 1112 4624 postquam
1131 4544 1292 4623 iuraverit,
1317 4565 1397 4607 uxor
1415 4546 1499 4607 Luce

238 4648 334 4712 debet
359 4649 419 4711 sibi
435 4650 560 4711 solvere
579 4650 691 4731 viginti
710 4671 823 4733 pensas
841 4652 1057 4727 denariorum,
1075 4650 1171 4728 judici
1187 4668 1217 4713 et
1231 4652 1340 4725 iuratis
1357 4654 1500 4734 quinque

239 4774 355 4841 pensas
379 4756 595 4819 denariorum.
