3488 5272
637 304 722 362 Anno
743 300 835 380 1463.
861 337 901 345 —
925 317 973 362 21.
991 303 1141 376 Jonrcurii.

260 532 290 579 et
315 516 516 577 confirmarit
533 516 687 596 judicium
714 516 835 594 juratus
858 516 1063 593 Laurencius,
1089 530 1119 577 et
1136 515 1228 576 datus
1245 530 1292 578 est
1315 517 1343 578 ei
1369 517 1525 577 terminus

261 623 406 683 solvendi
433 623 548 683 tercius
574 623 651 683 dies.

367 747 442 807 ltem
461 767 587 807 causam
607 748 687 807 inter
707 746 895 807 Miclraelem
914 747 1085 829 pellificem
1104 763 1134 809 et
1151 748 1352 809 Anthonium
1378 747 1523 827 juratum

263 855 390 915 racione
409 854 574 914 cuiusdam
594 853 793 915 vendicionis
810 853 974 914 cuiusdam
994 854 1124 935 vulpine
1143 854 1314 932 mardurie,
1339 873 1436 934 quam
1456 852 1522 936 ipse

264 962 448 1022 Anthonius
473 961 577 1022 eidem
604 961 741 1020 vendere
771 960 912 1038 dederat,
945 980 1042 1041 quam
1068 975 1186 1022 vestem
1219 961 1351 1042 quidam
1376 961 1525 1022 sacerdos

259 1089 365 1130 emere
399 1068 501 1129 voluit
536 1088 593 1149 pru
627 1068 737 1128 decent
772 1067 840 1129 flor.
874 1083 904 1129 et
936 1068 1002 1150 ipse
1037 1067 1220 1128 Anthonius
1251 1067 1356 1128 eidem
1388 1067 1523 1128 eandem

259 1191 380 1237 vestem
405 1195 469 1234 non
489 1175 576 1235 dedit
601 1190 729 1252 eotunc,
747 1175 834 1255 quod
853 1188 928 1235 tunc
954 1174 1021 1256 ipse
1047 1174 1184 1235 Michael
1202 1172 1318 1253 jurabit
1343 1172 1419 1235 feria
1437 1186 1524 1234 sexta

259 1283 289 1341 in
315 1301 368 1342 ara
394 1296 500 1341 sancte
533 1280 657 1357 Crucis,
683 1295 712 1340 et
737 1281 813 1340 dum
847 1280 964 1357 jurabit
995 1294 1072 1340 tunc
1104 1281 1170 1362 ipse
1197 1279 1380 1341 Anthonius
1403 1279 1526 1359 juratus

258 1389 418 1450 tenebitur
451 1388 556 1448 eidem
583 1388 731 1448 Michaeli
765 1388 839 1448 dare
872 1388 989 1467 caligas
1018 1387 1161 1448 valentes
1190 1406 1290 1447 unum
1323 1386 1392 1449 flor.
1425 1399 1523 1468 prout

258 1495 413 1577 promisit.

364 1620 440 1681 ltem
468 1641 594 1680 causam
621 1621 702 1680 inter
720 1620 930 1681 Benedictum
957 1617 1152 1681 aurifabrum
1171 1634 1201 1680 et
1220 1619 1428 1680 Valentinum
1454 1619 1522 1678 Ma·

259 1726 373 1807 rysrch
399 1728 525 1786 racione
551 1747 603 1787 sex
630 1726 697 1787 flor.
717 1727 796 1803 auri,
821 1746 903 1806 quos
922 1727 987 1807 ipse
1005 1726 1101 1786 solvit
1127 1726 1277 1786 Emerico
1295 1723 1521 1806 Zydowchyclt

258 1833 361 1894 taliter
386 1833 478 1912 jurati
512 1833 788 1911 adjudicaverunt,
821 1833 908 1912 quod
944 1833 1018 1913 quia
1053 1833 1118 1913 ipse
1144 1831 1337 1892 Benedictus
1361 1829 1463 1910 jurare
1491 1830 1521 1890 in

258 1959 296 1999 co
322 1939 469 2015 debebat,
494 1939 581 2019 quod
609 1940 674 2019 ipse
711 1939 874 1998 Emericus
903 1959 967 1998 non
1002 1936 1061 1998 fuit
1086 1957 1121 1998 ex
1148 1956 1187 1998 eo
1219 1935 1466 2019 dampnificatus
1490 1935 1521 1996 in

259 2046 324 2125 ipsa
350 2046 453 2123 vinca,
479 2046 552 2125 quia
580 2046 645 2126 ipse
671 2046 777 2105 literas
802 2044 988 2104 l'assionales
1005 2045 1111 2105 eidem
1136 2043 1227 2104 lateri
1253 2043 1357 2103 noluit
1375 2056 1404 2103 et
1422 2055 1522 2102 extra-

258 2153 352 2223 dare3
378 2169 407 2213 et
432 2154 507 2233 quia
535 2173 597 2213 non
625 2153 738 2229 juravit
769 2153 835 2233 ipse
862 2151 1053 2212 Benedictus
1086 2149 1245 2211 aurifaber
1269 2151 1350 2210 sicut
1374 2149 1523 2230 superius

259 2274 403 2320 notatum
429 2275 473 2319 est
501 2260 530 2318 in
557 2259 642 2320 dicto
668 2259 831 2335 catlrerno,
856 2259 975 2338 (deest).

365 2386 440 2445 ltem
467 2385 600 2444 eandem
630 2404 756 2444 causant
783 2385 863 2444 inter
896 2384 999 2465 ipsum
1031 2382 1242 2443 Benedictum
1267 2379 1464 2441 aurifabrum
1491 2394 1521 2441 et

258 2491 339 2550 iuter
365 2489 521 2570 prelatum
548 2491 755 2550 Valentinum
783 2489 950 2571 Marrsyclt
984 2489 1117 2566 dictum,
1150 2489 1278 2549 racione
1303 2487 1397 2547 vinee
1423 2485 1522 2567 ipsius

259 2597 420 2657 Valentini
449 2597 540 2672 jurati
573 2597 678 2657 taliter
711 2596 986 2676 adjudicaverunt,
1019 2597 1095 2677 quia
1121 2596 1187 2676 ipse
1221 2592 1414 2654 Benedictus
1438 2593 1520 2653 auri·

258 2700 346 2763 fater
371 2705 506 2762 eandem
534 2703 659 2762 vineam
686 2703 825 2783 possedit
843 2718 964 2783 septem
991 2703 1092 2778 annis,
1117 2701 1194 2762 etsi
1221 2701 1252 2760 in
1270 2700 1381 2779 aliquo
1408 2699 1520 2759 melio-

258 2811 336 2869 ravit
371 2810 436 2890 ipse
463 2810 653 2869 Benedictus
686 2809 819 2869 eandem
855 2809 993 2884 vineam,
1026 2808 1163 2889 protuli
1198 2806 1428 2867 melioracione
1454 2806 1520 2886 ipse

260 2917 449 2975 Benedictus
475 2916 633 2976 aurifaber
660 2916 779 2976 l'ructus
805 2932 834 2976 et
867 2930 1040 2996 proventus
1065 2914 1209 2974 eiusdem
1243 2913 1395 2994 percepit,
1422 2926 1452 2972 et
1477 2912 1520 2971 sic

259 3024 323 3103 ipse
359 3024 549 3083 Benedictus
582 3025 708 3083 racione
742 3025 849 3104 previa
884 3038 992 3083 contra
1027 3024 1129 3102 ipsum
1164 3021 1369 3080 Valentinum
1397 3019 1518 3078 nullam

257 3150 382 3188 causant
411 3131 638 3189 racionatntenr
665 3130 757 3189 trater
786 3151 842 3189 uec
868 3131 984 3189 lrabere
1003 3144 1127 3209 pusset;
1151 3128 1189 3186 de
1215 3147 1279 3207 qun
1298 3126 1417 3200 judicio
1436 3126 1520 3205 ipso·

258 3256 326 3294 rum
354 3236 528 3306 iuraturum
556 3238 621 3316 ipse
650 3238 841 3296 Benedictus
859 3235 1018 3295 aurd'ater
1037 3256 1100 3294 non
1127 3248 1296 3294 contentus
1314 3232 1352 3292 ad
1379 3232 1520 3291 seniores

258 3342 431 3422 appellarit
458 3343 586 3415 judices.

365 3468 439 3525 ltem
474 3488 600 3526 causam
636 3470 716 3527 inter
751 3470 921 3527 ‚llartiuum
956 3468 1092 3539 judicem
1127 3482 1155 3526 et
1192 3466 1400 3526 Benedictum
1435 3464 1518 3524 auri·

258 3571 379 3632 {aluum
407 3575 534 3632 rarione
569 3575 763 3654 depastionis
790 3575 879 3633 rinee
914 3575 1012 3654 ipsius
1047 3574 1172 3633 ‚llartiui
1207 3573 1390 3652 peripsum
1418 3573 1518 3630 Bene·

257 3680 377 3739 dictum
404 3701 459 3760 per·
485 3683 583 3740 liores
616 3703 690 3740 snos
725 3682 815 3757 lacte,
841 3697 868 3741 et
903 3683 977 3760 quia
1005 3682 1070 3760 ipse
1106 3681 1260 3740 llartinus
1283 3679 1375 3753 judex
1410 3692 1518 3736 contra

258 3787 395 3846 eundem
425 3788 632 3847 Benedictum
660 3791 689 3848 in
726 3789 844 3860 iudicio
877 3792 1088 3870 proponebat,
1122 3788 1208 3868 atiud
1236 3789 1301 3867 ipse
1330 3786 1519 3845 Benedictus

258 3892 371 3952 lucrive
398 3909 426 3952 et
454 3896 631 3953 voluntarie
658 3898 792 3954 eandem
821 3897 945 3955 vineam
972 3897 1140 3975 depascere
1166 3916 1221 3975 per
1247 3894 1404 3952 l'atuulum
1422 3912 1515 3951 suunt

257 3998 392 4072 lecisset,
419 4000 509 4071 jurati
540 4001 802 4075 adjtulirzarerunt
837 4004 941 4062 eidem
971 4003 1143 4062 Benedicto
1178 4001 1391 4071 juramentum
1418 3998 1515 4058 tercio

257 4126 288 4164 se
314 4107 473 4166 similibus
499 4108 528 4165 iu
555 4129 606 4167 ara
632 4125 737 4167 sancte
765 4110 877 4168 (leucis
903 4110 1014 4181 iurare,
1037 4110 1123 4188 atiud
1151 4109 1216 4188 ipse
1245 4107 1435 4166 Benedictus
1460 4124 1516 4164 nec

257 4212 370 4272 l'urtire
397 4235 453 4273 uec
487 4216 664 4275 voluntarie
696 4231 749 4275 am
774 4219 960 4295 oprultriuse
992 4216 1174 4296 depasceret
1206 4214 1340 4274 eandem
1375 4213 1513 4286 vitream,

257 4339 313 4376 uec
340 4318 460 4378 l'amulo
484 4341 542 4379 suo
569 4322 730 4380 mandarit
764 4319 879 4399 lacere,
912 4322 988 4382 leria
1014 4338 1098 4381 sexta
1133 4322 1275 4400 proxime
1302 4335 1451 4393 rentura3
1477 4318 1516 4376 de

256 4446 320 4505 qun
347 4426 465 4497 judicio
490 4427 664 4503 juratorum
701 4428 764 4508 ipse
801 4430 990 4489 Benedictus
1022 4450 1084 4488 nou
1119 4442 1287 4487 contentus
1311 4426 1350 4485 ad
1376 4425 1516 4484 seniores

255 4534 427 4613 appellarit
454 4534 583 4605 judiees.

363 4656 438 4717 ltem
465 4659 610 4719 'l'lronrus
634 4676 745 4735 sartor,
771 4660 900 4738 juratus,
921 4678 1027 4721 contra
1057 4661 1239 4721 ladislaum
1265 4657 1454 4719 secundario
1473 4656 1515 4717 ci-

256 4778 338 4823 tatus
363 4764 393 4823 iu
419 4762 500 4825 lacto
526 4766 607 4827 iuter
632 4786 686 4825 eos
710 4766 830 4847 habitu,
855 4788 919 4829 nuu
946 4770 1135 4851 comparuit.
