3488 5272
614 315 811 394 Anno1475.
837 349 878 358 -
896 328 930 390 5.
954 315 1128 391 septembn's.
1440 336 1504 397 445

349 526 427 589 ltem
446 528 565 590 Paulus
581 527 666 589 iilius
683 526 827 610 Kathycz
841 526 937 588 debet
953 526 1056 606 jurare
1070 541 1179 589 contra
1193 527 1363 589 dominum
1377 529 1506 590 Petrum

242 633 418 714 plebanum
452 635 490 695 de
526 635 697 696 Petrouina
730 634 846 695 minori
879 635 1073 712 terciusmet,
1105 634 1129 694 si
1162 648 1268 696 autem
1301 655 1365 696 non
1391 636 1507 717 poterit

242 738 391 802 homines
416 740 545 818 habere,
569 755 645 802 tunc
670 741 757 801 solus
781 739 862 818 juret
886 741 987 801 tribus
1011 741 1144 802 vicibus.

335 976 432 1051 Feria
461 982 567 1052 tercia
597 988 675 1051 ante
704 979 826 1051 festum
856 980 1057 1051 Nativitatis
1086 981 1230 1067 virginis
1259 981 1415 1068 gloriose.

748 1138 793 1210 (5.
818 1135 1006 1209 septembris).

348 1274 426 1336 ltem
451 1275 527 1357 quia
552 1275 641 1338 litere
665 1295 760 1358 super
781 1275 914 1336 domum
934 1275 1019 1337 Luce
1045 1274 1202 1359 liibarycz
1227 1276 1391 1358 perierunt
1415 1291 1445 1338 et
1461 1276 1501 1339 ad

242 1379 359 1443 trinam
397 1379 557 1444 forensem
592 1381 754 1463 publicam
779 1381 1069 1463 proclamacionem
1107 1381 1234 1443 easdem
1268 1383 1406 1464 reperire
1440 1402 1504 1443 non

243 1501 429 1571 potuerunt,
454 1488 527 1550 ideo
552 1489 767 1550 communitas
799 1488 939 1549 decrevit
964 1488 1069 1549 eidem
1094 1488 1161 1549 dari
1187 1488 1294 1549 literas
1318 1503 1348 1549 et
1373 1488 1441 1567 jura
1465 1489 1505 1549 de

243 1612 330 1656 novo
362 1614 457 1677 super
488 1595 623 1657 eandem
657 1595 809 1672 domum,
841 1593 930 1676 quod
963 1594 1044 1654 liber
1072 1609 1117 1655 est
1140 1595 1275 1655 eandem
1310 1595 1448 1656 vendere
1475 1611 1505 1656 et

241 1718 308 1782 quo
333 1700 401 1761 vult
426 1698 529 1762 facere
554 1720 589 1762 ac
614 1700 784 1783 disponere
809 1720 874 1782 quo
898 1700 957 1761 sibi
983 1700 1096 1782 placet.

347 1824 424 1886 Item
450 1827 525 1907 quia
559 1826 648 1887 litere
680 1846 776 1908 super
807 1826 934 1887 vineam
968 1824 1121 1906 Stephani
1154 1824 1312 1907 plathnar‚
1343 1825 1436 1903 iurati
1470 1840 1502 1888 et

240 1931 381 1992 concivis
405 1933 516 2012 nostri,
541 1933 713 2011 perierunt,
739 1933 831 1994 etad
857 1933 972 1993 trinam
1007 1930 1167 1993 forensem
1194 1933 1355 2014 publicam
1380 1933 1504 2015 procla·

242 2037 423 2100 macionem
457 2039 585 2101 easdem
610 2039 749 2121 reperire
782 2059 847 2099 non
880 2053 1065 2120 potuerunt,
1097 2039 1171 2100 ideo
1203 2039 1418 2100 communitas
1450 2038 1504 2100 de·

241 2145 341 2205 crevit
373 2144 440 2206 dari
466 2146 570 2206 eidem
605 2144 711 2206 literas
735 2159 765 2206 et
797 2146 864 2226 jura
889 2145 928 2206 de
961 2164 1046 2205 novo
1078 2164 1174 2226 super
1205 2144 1339 2206 eandem
1366 2145 1505 2222 vineam,

241 2250 330 2331 quod
355 2251 436 2312 liber
458 2264 505 2313 est
529 2252 664 2313 eandem
690 2252 806 2330 colere,
827 2265 935 2313 tenere
959 2265 989 2312 et
1013 2270 1221 2333 quocumque
1246 2251 1314 2311 vult
1338 2249 1453 2330 facere,
1477 2252 1502 2312 si

240 2355 299 2416 sibi
326 2356 430 2439 placet
456 2357 560 2419 faciat.

345 2481 423 2543 Item
449 2482 587 2544 Michael
618 2502 717 2564 gener
747 2482 885 2544 condam
920 2483 1006 2543 Luce
1034 2481 1151 2543 sutoris
1182 2481 1437 2543 satisfaccionem
1464 2481 1504 2543 de

240 2586 356 2649 debitis
380 2586 512 2669 Georgii
539 2588 748 2664 Hocchewar‚
774 2589 917 2670 quesibi
948 2588 1163 2668 obligabatur,
1196 2588 1419 2649 omnimodam
1453 2588 1501 2648 in·

240 2693 352 2777 pendit
375 2693 631 2756 satisfaccionem
657 2696 689 2756 in
713 2709 782 2757 toto
807 2709 837 2755 et
861 2714 917 2776 per
941 2695 1060 2756 omnia.

346 2818 423 2879 ltem
460 2818 553 2899 jurati
585 2819 852 2897 adjudicaverunt
883 2838 981 2900 penes
1014 2819 1182 2900 registrum
1216 2834 1245 2880 et
1277 2832 1502 2881 testamentum

239 2924 338 3006 ipsius
373 2924 509 2986 condam
549 2927 633 2987 Luce
665 2926 753 3007 quod
788 2924 969 2987 Hocbesvar
1001 2943 1102 3007 usque
1142 2925 1385 3006 quindecimum
1418 2925 1504 2986 diem

239 3029 345 3092 eidem
371 3030 521 3093 Michaeli
548 3033 614 3114 ipse
641 3032 822 3093 Hochess‘ar
846 3031 1017 3093 satisfaciat
1042 3031 1228 3093 decentum
1253 3030 1321 3092 flor.
1345 3031 1413 3092 sine
1431 3051 1503 3112 pro·

238 3138 430 3218 rogacione;
455 3139 530 3199 item
565 3137 726 3219 Georgius
758 3138 939 3201 Hochewar
968 3137 1143 3220 appellavit
1175 3138 1275 3219 ipsam
1308 3156 1438 3198 causam
1472 3137 1504 3198 in

240 3245 438 3326 presenciam
464 3245 638 3305 seniorum.

344 3351 422 3414 ltem
449 3371 575 3412 causam
601 3351 683 3412 inter
706 3371 860 3432 generum
887 3352 972 3412 Luce
998 3370 1070 3411 cum
1097 3350 1218 3434 Radcy,
1244 3350 1381 3411 Michael
1399 3350 1504 3411 solvat

239 3457 350 3541 liadey
374 3459 486 3538 viginti
512 3458 645 3535 solidos,
683 3459 794 3540 liadey
829 3478 904 3519 vero
936 3458 995 3518 sibi
1023 3456 1172 3518 Michaeli
1207 3476 1307 3517 unum
1334 3455 1401 3518 flor.
1435 3457 1502 3516 auri

237 3563 361 3625 solvere
386 3578 542 3626 teneatur.

344 3670 421 3732 Item
449 3671 618 3753 Philippus
649 3687 738 3732 sutor
769 3671 874 3752 primo
903 3670 1018 3730 citatus
1042 3684 1152 3730 contra
1186 3669 1314 3730 Petrum
1340 3669 1503 3730 barbiton·

237 3797 343 3840 aorem
369 3797 433 3838 non
459 3778 650 3858 comparuit.

344 3904 421 3966 ltem
448 3903 535 3964 Elias
560 3917 766 3984 campanator
790 3915 900 3963 contra
926 3901 1127 3963 Anthonium
1152 3915 1305 3962 sartorem
1329 3900 1435 3982 primo
1460 3901 1502 3962 ci·

237 4025 321 4074 tatus
345 4031 409 4072 non
436 4011 626 4091 comparuit.

344 4135 421 4198 item
448 4155 541 4196 causa
567 4135 648 4195 inter
672 4134 870 4215 Stephanum
897 4133 1057 4194 literatum
1083 4148 1113 4193 ct
1133 4131 1345 4192 lraurencium
1372 4150 1502 4214 carpen-

238 4241 367 4319 tarium,
394 4242 588 4302 Laurcncius
606 4241 721 4301 mansit
739 4260 812 4301 cum
838 4241 984 4301 membro
1003 4240 1097 4299 unius
1115 4257 1228 4298 manus
1253 4251 1362 4298 contra
1381 4238 1502 4313 sedem,

238 4363 347 4411 contra
373 4367 449 4409 vero
476 4348 596 4409 dictum
623 4348 821 4429 Stephanum
847 4347 1007 4408 literatum
1025 4345 1140 4406 mansit
1167 4346 1196 4404 in
1216 4345 1289 4405 vivo
1314 4342 1501 4425 homaghio.

342 4472 420 4535 Item
458 4472 602 4534 Tlromas
645 4488 733 4535 sutor
767 4472 887 4552 juratus
929 4472 1008 4531 alias
1044 4483 1152 4531 contra
1196 4469 1327 4530 Gallum
1361 4469 1499 4547 juratum

238 4579 343 4663 primo
379 4580 493 4641 citatus
528 4599 593 4640 non
629 4581 809 4661 comparuit
845 4579 958 4639 missus
997 4577 1036 4637 ad
1069 4575 1168 4637 tercio
1201 4576 1232 4636 in
1268 4575 1423 4656 judicium
1457 4596 1503 4637 re·

236 4706 424 4772 sponsurus.
