3488 5272
242 359 301 418 150
354 302 357 307 Ι
632 338 718 395 Anno
740 333 833 415 1458.
859 370 898 380 -
923 332 976 397 28.
1000 335 1116 410 aprilis.

1209 439 1499 449 ..—.--.—-—-—

241 551 373 612 domum
400 571 489 612 suam
515 564 545 611 et
570 548 706 611 fundum
723 568 759 609 ac
780 547 915 625 edificia,
940 548 1169 628 universasque
1188 547 1407 629 possessiones
1430 566 1503 608 suas

241 677 313 719 cum
339 657 491 719 omnibus
514 655 699 717 earumdem
724 654 916 716 utilitatibus
937 668 968 716 et
991 655 1197 735 pertinenciis
1222 654 1380 715 universis
1397 654 1501 736 ipsum

239 764 390 825 videlicet
414 763 594 824 lohannem
612 762 791 823 institorem
810 760 866 821 rite
892 774 923 822 et
939 761 1094 842 legittime
1112 773 1208 842 atque
1236 761 1409 823 literatorie
1427 779 1502 822 con·

240 883 415 947 cernentes,
441 867 561 951 prefate
587 867 761 930 Katberine
787 867 878 928 uxori
903 887 959 928 sue
978 867 1134 948 legittime
1159 867 1330 948 legavisset
1354 880 1385 928 et
1409 866 1502 928 dimi·

237 978 346 1052 sisset;
372 977 417 1039 uti
444 977 531 1059 prius
554 975 706 1056 scriptum
725 987 771 1035 est
787 993 843 1055 per
866 974 974 1034 omnia
999 989 1106 1035 tamen
1139 993 1176 1035 ex
1200 974 1401 1055 negligencia
1426 973 1501 1034 hinc

238 1083 429 1146 secundario
454 1097 500 1145 est
527 1082 761 1162 consignatum.

347 1208 423 1269 Item
460 1207 536 1288 quia
568 1204 710 1268 Maricha
742 1204 807 1266 filia
831 1204 994 1266 Valentini
1019 1204 1190 1266 Predelosa
1222 1205 1330 1266 relicta
1364 1204 1502 1267 condam

239 1314 395 1376 Anthonii
419 1312 621 1375 Offanowich
647 1311 734 1388 dicti,
759 1311 838 1372 olim
870 1311 1011 1371 concivis
1035 1311 1146 1390 nostri,
1175 1311 1207 1372 id
1232 1331 1305 1373 cum
1331 1310 1502 1373 sufficienti

240 1436 270 1483 et
294 1419 458 1501 fidedigno
485 1433 666 1480 nostrorum
693 1417 875 1478 concivium
904 1417 1090 1478 testimonio
1115 1417 1211 1479 bodie
1236 1418 1267 1478 in
1292 1417 1367 1480 sede
1393 1432 1500 1480 nostra

239 1526 405 1607 judiciaria
431 1526 513 1586 clare
540 1524 764 1606 comprobavit
788 1542 894 1584 coram
922 1524 1025 1600 nobis,
1055 1537 1088 1584 ut
1113 1524 1189 1585 dum
1213 1523 1354 1605 prefatus
1378 1523 1503 1587 Antho-

240 1633 312 1694 nius
338 1630 541 1693 Offanowich
567 1631 597 1691 in
631 1630 780 1691 extremis
813 1630 875 1691 vite
908 1650 963 1691 sue
987 1631 1176 1711 temporalis
1207 1632 1394 1710 laborasset,
1426 1645 1503 1693 tunc

240 1739 306 1820 ipse
331 1737 494 1818 quandam
519 1736 654 1797 domum
679 1755 769 1796 suam
794 1749 825 1796 et
849 1733 986 1796 fundum
1015 1736 1096 1796 inter
1119 1736 1235 1798 domos
1260 1751 1290 1798 et
1315 1735 1433 1799 fundos
1457 1737 1503 1798 vi·

239 1862 347 1905 rorum
373 1843 580 1926 providorum
607 1856 637 1904 et
662 1841 870 1902 honestorum
888 1841 988 1903 Marci
1012 1856 1042 1902 et
1060 1842 1239 1903 Clementis
1263 1841 1450 1904 carnificum
1467 1861 1503 1903 ac

239 1952 316 2012 alias
340 1970 453 2011 omnes
477 1950 693 2032 possessiones
717 1969 789 2010 suas
814 1964 879 2010 tam
896 1964 994 2010 terras
1019 1949 1154 2010 arabiles
1178 1970 1275 2030 quam
1298 1950 1399 2011 eciam
1423 1950 1504 2011 alias

240 2057 368 2138 quasvis
398 2057 429 2117 in
454 2056 537 2118 dicta
563 2056 688 2117 civitate
718 2069 748 2116 et
772 2055 840 2116 eius
864 2055 1023 2116 territorio
1050 2055 1220 2118 existentes
1250 2075 1322 2117 cum
1351 2057 1504 2117 omnibus

240 2183 349 2225 earum
368 2163 557 2224 utilitatibus
581 2176 612 2224 et
635 2162 840 2243 pertinenciis
857 2161 1013 2223 universis
1036 2159 1157 2243 prefate
1183 2161 1324 2223 Mariche
1341 2181 1399 2244 pro
1423 2176 1501 2224 tunc

241 2269 332 2330 uxori
356 2289 412 2330 sue
430 2268 585 2350 legittime
610 2268 779 2349 legavisset
797 2281 828 2329 et
845 2267 1027 2343 dimisisset,
1053 2286 1115 2348 que
1139 2267 1290 2330 videlicet
1306 2268 1410 2350 ipsum
1436 2272 1501 2328 An·

240 2374 387 2436 thonium
406 2374 579 2436 literatorie
594 2388 622 2434 et
639 2373 796 2454 legittime
814 2373 1025 2434 dinoscuntur
1042 2392 1245 2452 concernere,
1262 2373 1329 2455 jure
1347 2388 1503 2456 perpetuo

240 2495 270 2542 et
288 2480 538 2542 irrevocabiliter
571 2479 781 2562 possidendas
806 2499 840 2540 ac
863 2478 948 2559 juxta
971 2478 1195 2540 condicionem
1224 2479 1359 2540 civitatis
1387 2499 1502 2561 preno-

239 2601 303 2650 tate
335 2601 412 2663 etc.;
431 2587 570 2668 ideoque
596 2607 654 2648 nos
678 2586 814 2647 eandem
839 2587 973 2647 domum
996 2606 1033 2646 ac
1054 2586 1132 2646 alias
1148 2605 1261 2646 omnes
1286 2586 1504 2667 possessiones

240 2715 312 2756 suas
329 2713 401 2755 cum
420 2694 541 2754 cunctis
554 2695 619 2754 suis
633 2693 838 2775 pertinenciis
855 2692 960 2754 eidem
980 2691 1121 2753 Mariche
1136 2692 1262 2753 mulieri
1287 2692 1456 2754 statuimus
1473 2707 1504 2754 et

240 2800 500 2863 confirmavimus
528 2801 596 2883 jure
625 2814 781 2882 perpetuo
810 2814 840 2860 et
867 2798 1345 2880 irrevocabiliterpossidendas
1369 2813 1399 2860 et
1423 2818 1503 2880 quo·

241 2907 480 2987 modocumque
517 2907 654 2967 voluerit
689 2905 906 2986 disponendas
949 2905 1034 2986 juxta
1067 2903 1241 2985 predictam
1278 2904 1502 2967 condicionem

244 3013 380 3074 civitatis
405 3027 569 3094 prenotate
594 3012 784 3094 supradicte.

347 3137 423 3198 ltem
449 3137 523 3217 quia
550 3136 731 3197 [anthonius
757 3135 840 3196 tilius
863 3135 1002 3212 Thome,
1028 3134 1134 3213 judex,
1160 3136 1301 3196 concivis
1327 3150 1443 3215 noster,
1470 3137 1501 3197 id

241 3264 312 3304 cunt
339 3242 508 3304 sufficienti
535 3257 564 3302 et
590 3243 753 3322 fidedigno
779 3257 960 3302 nostrorum
988 3242 1169 3302 concivium
1196 3242 1380 3303 testimonio
1406 3243 1503 3304 hodie

242 3353 271 3411 in
299 3350 374 3410 sede
400 3365 505 3409 nostra
540 3349 704 3425 judiciaria
735 3350 818 3409 clare
851 3349 1073 3430 comprobavit
1099 3369 1205 3409 coram
1240 3349 1343 3427 nobis,
1369 3365 1401 3411 ut
1426 3351 1502 3410 dttm

243 3457 355 3516 Vrsula
382 3455 444 3515 iilia
471 3456 608 3516 condam
634 3456 753 3515 Vrbaui
771 3455 875 3535 jurati,
894 3455 982 3537 olym
1008 3455 1151 3514 concivis
1166 3469 1282 3533 nostra,
1301 3456 1332 3514 in
1356 3457 1504 3517 extremis

242 3563 304 3622 vite
329 3582 384 3622 sue
410 3563 595 3643 temporalis
620 3562 804 3638 laborasset,
829 3578 904 3622 tuuc
930 3563 995 3641 ipsa
1022 3581 1135 3620 omnes
1160 3576 1189 3620 et
1213 3562 1355 3640 singulas
1380 3581 1502 3643 posses·

240 3669 347 3729 aiones
372 3689 443 3728 suas
469 3669 499 3728 in
518 3669 601 3729 dicta
619 3669 745 3729 civitate
770 3684 800 3729 et
825 3669 892 3728 eius
910 3667 1070 3728 territorio
1084 3668 1266 3745 existentes,
1285 3683 1359 3749 puta
1377 3669 1504 3748 domos,

243 3774 370 3852 fundos,
396 3791 494 3835 tetrus
526 3775 672 3851 arabiles,
698 3773 813 3852 leuata,
849 3775 953 3849 silvas,
980 3774 1089 3833 vineas
1122 3794 1193 3833 cum
1219 3776 1371 3835 omnibus
1394 3795 1503 3836 earum

242 3880 434 3942 utilitatibus
460 3896 490 3941 et
511 3882 717 3961 pertinenciis
744 3882 899 3941 universis
916 3880 1039 3962 prefato
1065 3881 1229 3941 Anthonio
1254 3902 1311 3962 pro
1336 3898 1410 3942 tunc
1436 3883 1504 3943 viro

243 4006 302 4048 suo
326 3987 485 4066 legittimo
512 3987 679 4066 legavisset
697 4002 727 4047 et
744 3987 915 4047 dimisisset
940 3988 1006 4065 jure
1025 4002 1180 4068 perpetuo
1206 4003 1236 4048 et
1255 3989 1505 4049 irrevocabiliter

243 4092 453 4172 possidendas
467 4113 501 4152 ac
517 4093 600 4153 iuxta
619 4094 844 4154 condicionem
863 4095 999 4154 civitatis
1017 4110 1180 4174 prenotate
1196 4096 1504 4177 quomodocumque

242 4198 380 4259 voluerit
397 4199 625 4280 disponendas,
645 4200 783 4280 ideoque
809 4220 867 4259 nos
892 4201 1060 4281 premissas
1078 4220 1190 4260 omnes
1204 4203 1420 4282 possessiones
1432 4222 1505 4263 suas

243 4306 274 4365 in
300 4305 383 4366 dicta
409 4306 534 4366 civitate
561 4322 589 4365 et
615 4307 683 4366 eius
708 4307 867 4367 territorio
886 4307 1054 4367 existentes
1079 4308 1276 4388 supradictas
1294 4328 1365 4369 cum
1384 4309 1505 4370 cunctis

242 4410 307 4470 suis
331 4411 522 4472 utilitatibus
548 4429 577 4473 et
602 4413 808 4493 pertinenciis
833 4414 989 4474 universis
1007 4414 1111 4474 eidem
1138 4414 1303 4475 Anthonio
1327 4415 1425 4495 judici
1444 4431 1504 4479 sta-

242 4517 363 4578 tuimus
387 4531 417 4578 et
439 4517 701 4579 confirmavimus
718 4517 785 4597 jure
804 4535 960 4601 perpetuo
981 4535 1010 4581 et
1029 4522 1278 4582 irrevocabiliter
1296 4523 1505 4603 possidendas

243 4639 272 4684 et
297 4625 605 4706 quomodocumque
631 4625 769 4686 voluerit
794 4626 1010 4708 disponendas
1035 4626 1118 4704 juxta
1143 4628 1315 4708 predictam
1340 4630 1503 4691 condicio-

246 4748 318 4790 nem
344 4730 480 4793 civitatis
505 4744 670 4810 prenotate
695 4731 885 4813 supradicte.
