3488 5272
267 359 330 422 230
647 341 735 398 Aristo
757 335 850 416 1462.
876 373 915 381 —
942 353 989 399 lo.
1014 338 1171 399 decembris.

374 554 451 615 Item
477 553 581 634 primo
611 551 844 632 proclamatum
878 564 924 611 est
955 571 1050 632 super
1075 551 1208 612 domum
1235 550 1438 632 Trebchych,
1471 551 1530 611 viri

268 682 325 724 seu
351 661 455 722 mariti
481 659 576 720 Clare
609 657 843 739 Trebchychne
877 657 907 717 in
941 657 1066 718 civitate
1093 657 1246 735 habitam,
1279 671 1309 719 et
1333 657 1408 738 quia
1442 657 1532 718 litera

268 767 412 829 eiusdem
437 784 533 848 super
557 765 670 825 eadem
697 763 795 824 domo
821 777 867 824 est
894 763 1021 840 amissa,
1045 764 1069 824 si
1095 764 1173 825 alibi
1198 764 1335 824 inveniri
1360 763 1486 845 poterit.

268 1004 365 1078 leria
393 1012 491 1077 sexta
519 1005 673 1094 proxima
694 1010 769 1092 post
797 1002 920 1073 festum
941 1001 1175 1090 Concepcionis
1202 1002 1345 1088 virginis
1373 999 1528 1089 gloriose.

777 1160 841 1234 (10.
865 1157 1035 1232 decembris).

375 1301 451 1361 Item
478 1300 692 1380 juramentum
718 1299 804 1379 quod
823 1298 975 1359 Nicolaus
999 1296 1160 1358 aurifaber
1177 1298 1345 1358 tenebatur
1370 1296 1532 1377 deponere

270 1408 347 1468 feria
372 1423 457 1468 sexta
488 1406 669 1488 supradicta
698 1420 807 1466 contra
841 1404 1044 1466 Clementem
1072 1402 1265 1484 freniparem
1298 1404 1426 1464 racione
1451 1422 1531 1484 quo·

270 1514 417 1575 rumdam
443 1513 618 1590 doliorum,
643 1527 673 1573 et
705 1511 780 1592 quio
813 1511 880 1591 ipse
906 1510 1058 1571 Nicolaus
1083 1509 1243 1570 aurifaber
1275 1525 1443 1592 promptus
1467 1523 1533 1570 erat

271 1621 309 1681 ad
343 1620 573 1702 deponendum
607 1620 710 1701 ipsum
744 1617 969 1697 juramentum,
1002 1631 1108 1677 tamen
1142 1617 1216 1697 quia
1250 1616 1383 1697 provida
1416 1615 1533 1676 mulier

270 1748 400 1789 consors
425 1727 567 1788 eiusdem
587 1726 765 1788 Clementis
790 1724 957 1807 freniparis
982 1725 1166 1806 prorogavit
1191 1742 1291 1803 usque
1309 1723 1449 1804 primurn
1475 1722 1529 1782 ad·

269 1848 400 1895 ventum
426 1834 525 1915 ipsius
549 1832 674 1893 Nicolai
700 1832 760 1892 huc
786 1831 920 1892 venturis

379 1941 455 2001 ltem
474 1939 666 2000 secundario
683 1952 728 1999 est
747 1938 978 2019 proclamatum
997 1956 1092 2018 super
1110 1933 1264 2017 prefatam
1283 1936 1415 1997 domum
1434 1934 1533 2016 ipsius

270 2047 505 2129 Trebehychne
529 2045 646 2106 sutoris
671 2043 915 2124 Trebchychne.
939 2044 1014 2121 (sir).

376 2153 452 2213 ltem
478 2151 691 2229 juramentum
718 2150 805 2230 quod
831 2150 951 2232 Zaylro,
971 2150 1102 2231 l'etrycz
1129 2164 1159 2210 et
1182 2149 1343 2229 Georgius
1368 2147 1531 2208 carnifices

271 2275 379 2321 contra
405 2273 585 2319 consortem
612 2258 697 2318 Luce
721 2257 838 2317 sutoris
867 2256 962 2317 hodie
988 2256 1151 2336 deponere
1176 2257 1366 2316 tenebantur
1391 2255 1421 2315 in
1449 2252 1531 2316 facto

269 2366 414 2448 superius
441 2365 619 2442 nominat0,
653 2364 718 2445 ipsa
744 2382 874 2422 consors
908 2363 1006 2443 ipsius
1033 2364 1117 2423 Luce
1150 2363 1235 2443 ipsos
1259 2361 1363 2441 jurare
1388 2381 1452 2422 non
1477 2361 1533 2422 ad·

271 2472 367 2549 misit,
392 2471 446 2531 sed
473 2470 591 2531 liberos
615 2469 809 2550 pretermisit
833 2469 872 2528 ab
898 2469 967 2549 ipso
992 2468 1182 2547 juramento.

377 2579 454 2639 ltem
480 2576 584 2658 primo
610 2575 842 2656 proclamatum
868 2589 914 2635 est
942 2595 1036 2656 super
1061 2575 1140 2635 duas
1172 2576 1272 2635 dietas
1297 2589 1378 2636 terre
1404 2574 1533 2635 arabilis

272 2686 302 2745 in
328 2683 488 2746 territorio
513 2696 621 2742 nostro
647 2682 730 2741 lu'an
764 2680 820 2741 filii
848 2680 935 2741 l‘auli
969 2682 1007 2740 de
1035 2681 1178 2763 Dedych‚
1211 2682 1285 2761 quia
1318 2680 1408 2742 litera
1435 2680 1533 2762 ipsius

271 2811 366 2872 super
389 2805 471 2851 terra
489 2788 604 2849 amissa
631 2786 721 2865 foret,
747 2788 796 2848 vel
821 2788 937 2867 siquis
961 2787 1029 2864 jura
1046 2807 1141 2868 super
1159 2788 1271 2848 eadem
1296 2802 1377 2848 terra
1403 2786 1533 2848 haberet

271 2912 385 2958 extunc
410 2898 521 2957 eadem
547 2895 723 2976 producere
741 2910 875 2971 tenetur,
901 2910 931 2954 et
956 2895 979 2954 si
1007 2914 1070 2953 tion
1096 2895 1262 2974 producet,
1287 2909 1402 2955 extunc
1428 2894 1531 2956 eidem

272 3005 377 3064 literas
403 3024 501 3062 novas
528 3022 622 3082 super
647 3001 758 3061 eadem
785 3001 888 3061 eidem
917 3001 998 3060 lwan
1026 3002 1182 3063 dabimus.

379 3110 454 3169 ltem
481 3127 607 3168 causam
643 3108 722 3168 inter
754 3107 896 3167 relictam
930 3108 1066 3167 condam
1093 3109 1268 3167 Ztanltonis
1301 3109 1379 3167 labri
1405 3122 1435 3167 et
1461 3107 1534 3168 Cle-

272 3230 411 3276 mentem
439 3215 561 3275 fabrum
596 3231 797 3275 executorem
833 3216 987 3290 eiusdem,
1017 3214 1108 3291 jurati
1144 3215 1419 3291 adjudicaverunt,
1445 3215 1533 3295 quod

272 3324 338 3403 ipse
365 3322 516 3381 Clemens
550 3322 629 3380 liber
664 3337 709 3382 est
739 3342 810 3381 cuni
846 3322 1015 3381 medietate
1041 3323 1157 3381 domus
1189 3337 1351 3401 tamquam
1386 3336 1534 3381 executor

272 3428 413 3489 eiusdem
449 3444 479 3488 et
511 3428 587 3487 rlum
621 3429 727 3488 debita
760 3429 935 3504 exsolvent,
968 3429 1053 3508 quod
1083 3445 1158 3489 tunc
1192 3430 1256 3509 ipsa
1285 3430 1384 3489 libera
1410 3429 1467 3490 erit
1502 3428 1531 3489 in

273 3535 444 3595 medietate
463 3535 578 3594 domus
595 3554 781 3615 permanere
795 3555 895 3614 usque
910 3535 1005 3595 vitam
1021 3555 1121 3611 suam,
1139 3551 1167 3594 et
1186 3550 1256 3615 post
1271 3551 1405 3595 mortem
1427 3536 1534 3616 ipsius,

274 3641 338 3721 ipse
365 3642 516 3700 ljlemens
543 3642 621 3700 liber
646 3641 704 3701 erit
729 3641 932 3700 medietatem
960 3641 1097 3700 vendere
1123 3656 1152 3700 et
1178 3662 1235 3722 quo
1261 3642 1365 3700 artima
1391 3642 1458 3701 eius
1484 3661 1534 3701 ex·

273 3767 410 3827 ponere3
437 3748 475 3807 de
501 3767 566 3826 quo
592 3746 711 3821 judicio
737 3747 847 3807 eadem
867 3767 997 3807 consors
1016 3748 1158 3807 eiusdem
1186 3748 1360 3807 Ztarrlronis
1378 3768 1441 3807 non
1461 3769 1534 3808 con·

272 3866 356 3913 tenta
383 3853 557 3933 appellavit
582 3852 620 3912 arl
647 3853 789 3913 seniores
814 3853 944 3929 jurlires.

379 3959 454 4018 ltem
482 3979 609 4019 caeream
636 3958 728 4032 jurati
763 3960 843 4019 inter
869 3960 1002 4021 l'aulum
1030 3960 1222 4033 carnificem,
1256 3961 1404 4037 iuratum,
1429 3977 1457 4020 et
1484 3963 1534 4020 lo-

273 4067 410 4127 hannem
437 4080 576 4126 sutorem
603 4081 855 4144 prorogaverunt
882 4087 982 4146 usque
1007 4068 1145 4148 primurn
1173 4067 1337 4142 judicium.

379 4172 454 4232 ltem
482 4171 568 4251 quod
596 4173 667 4232 licet
693 4172 774 4232 inter
799 4171 1021 4233 honorabilem
1049 4175 1150 4232 virum
1177 4175 1344 4234 dominum
1372 4175 1533 4234 Tliomam

273 4279 401 4359 Tompa
427 4279 617 4337 carrouicum
652 4278 783 4338 ecclesie
814 4280 1030 4357 zagrabiensis
1062 4295 1091 4340 et
1118 4281 1198 4340 inter
1230 4281 1372 4340 relictam
1398 4281 1533 4340 corrdam

273 4384 448 4444 Ztanltonis
466 4383 545 4443 fabri
572 4385 698 4444 racione
717 4386 946 4445 convencionis
962 4387 1128 4447 cuiusdam
1148 4388 1210 4446 vini
1230 4409 1284 4469 per
1304 4389 1402 4468 ipsam
1429 4389 1534 4468 propi·

274 4491 350 4566 nati,
383 4509 489 4549 coram
524 4490 617 4550 nobis
642 4490 672 4549 in
706 4490 839 4549 diversis
870 4492 1015 4551 terminis
1047 4494 1110 4553 litis
1135 4509 1165 4554 et
1201 4495 1378 4573 questionis
1404 4495 1534 4554 materia

274 4610 360 4656 mota
386 4594 494 4657 fuisset
519 4611 549 4657 et
574 4611 693 4672 exorta,
718 4597 906 4677 quiquidem
940 4598 1092 4659 dominus
1117 4599 1263 4659 'l'homas
1288 4601 1415 4679 Tompa
1441 4620 1536 4680 super

276 4701 375 4782 ipsam
402 4717 540 4782 quatuor
565 4702 632 4764 flor.
658 4702 726 4763 auri
756 4704 1009 4783 prosequebatur
1031 4705 1118 4785 quod
1137 4705 1242 4766 eidem
1261 4706 1387 4767 debitor¹
1411 4725 1534 4766 reman-

272 4806 380 4884 sisset3
404 4808 454 4869 cui
479 4808 614 4870 domino
639 4808 768 4872 'l'ltonte
792 4808 921 4893 'l'ompa
946 4808 1039 4871 datus
1063 4810 1122 4873 luit
1147 4812 1302 4875 terminus
1325 4812 1479 4896 juridicus
1504 4827 1534 4877 et
