3464 5266
608 377 695 434 Anno
719 374 809 454 1476.
834 409 878 420 -
902 391 949 438 12.
967 377 1121 453 januarii.
1431 398 1496 461 449

231 587 297 647 suis
322 587 429 648 literas
452 605 509 647 seu
533 585 601 667 jura
626 585 666 647 de
691 605 776 647 novo
801 586 888 664 dare,
912 587 1000 667 quod
1030 586 1122 648 liberi
1148 587 1210 648 sint
1234 587 1361 648 easdem
1386 603 1496 650 tenere

233 706 287 753 aut
310 711 376 773 quo
401 693 477 774 ipsis
502 692 657 772 placuerit
685 692 912 773 disponendas.

338 799 415 860 ltem
441 817 569 858 causam
597 798 678 858 inter
696 796 873 877 Georgium
898 798 1074 882 Zala(r)ycz
1100 813 1130 860 et
1148 799 1337 861 Michaelem
1355 816 1496 861 sutorem

233 903 326 985 jurati
353 904 545 984 judicarunt,
569 903 656 985 quod
675 904 770 965 debet
792 904 896 984 jurare
922 903 1034 967 Gurko
1062 905 1213 990 Zalarycz
1240 906 1329 986 quod
1354 925 1412 966 nec
1430 906 1497 988 ipse

232 1030 352 1091 equum
379 1009 546 1076 Michaelis
579 1029 637 1071 nec
668 1010 726 1071 scit
757 1010 830 1092 quis
861 1011 1041 1072 vulneravit
1070 1011 1175 1093 ipsum
1208 1031 1340 1093 equum,
1364 1012 1497 1074 tercius·

232 1131 297 1178 met
321 1116 412 1197 juret.

339 1224 415 1285 ltem
442 1225 638 1285 Laurencius
663 1223 781 1305 Sporar
804 1238 991 1304 procurator
1016 1223 1160 1285 eiusdem
1186 1221 1318 1304 Georgii
1345 1224 1497 1308 Zalarycz

233 1329 302 1410 ipso
327 1329 447 1411 judicio
472 1350 537 1391 non
563 1343 743 1408 contentus,
768 1329 870 1411 ipsam
887 1348 1015 1390 causam
1041 1329 1216 1412 appellavit
1241 1331 1272 1390 in
1297 1331 1495 1411 presenciam

231 1436 406 1498 seniorum.

338 1542 414 1604 ltem
440 1563 567 1604 causam
594 1543 675 1603 inter
699 1541 907 1603 Valentinum
937 1540 1141 1623 lreniparem,
1173 1541 1356 1603 lohannnm
1384 1541 1492 1618 pacat,

232 1648 386 1709 Mathiam
413 1649 597 1731 Symunycz
622 1662 652 1709 et
671 1647 884 1708 Laurencium
903 1647 1022 1728 Sporar
1038 1646 1130 1727 jurati
1157 1646 1389 1727 judicaverunt,
1408 1648 1495 1729 quod

232 1774 332 1835 usque
357 1754 600 1835 quindecimum
626 1753 712 1814 diem
737 1753 877 1814 vendant
903 1753 987 1834 ipsas
1008 1772 1057 1813 res
1082 1753 1260 1814 Frankonis
1284 1767 1315 1814 et
1336 1752 1437 1814 eciam
1463 1753 1494 1813 in

232 1860 433 1941 aliquantum
458 1858 652 1921 satisfaciant
677 1859 736 1940 ipsi
761 1858 954 1935 Valentino;
983 1859 1038 1920 sed
1064 1859 1151 1939 quod
1177 1859 1278 1919 eciam
1303 1858 1495 1920 Valentinus

232 1966 372 2048 frenipar
396 1966 611 2045 juramentum
629 1979 769 2046 prestare
786 1965 881 2026 debet
899 1965 985 2047 quod
1004 1965 1063 2025 sibi
1084 1965 1114 2025 in
1134 1964 1269 2025 minimo
1284 1964 1350 2047 ipse
1368 1964 1496 2025 Franko

232 2073 354 2134 nullam
379 2073 579 2134 solucionem
605 2071 774 2154 impendit.

338 2178 414 2239 ltem
441 2197 568 2240 causam
599 2178 680 2239 inter
705 2177 892 2238 Renkonem
911 2192 941 2239 et
966 2178 1108 2238 relictam
1126 2177 1263 2259 Jendrey
1288 2178 1381 2258 jurati
1413 2177 1496 2257 judi·

231 2299 394 2362 caverunt,
419 2285 506 2366 quod
532 2284 630 2346 nichil
655 2284 859 2364 obligabatur
882 2285 941 2345 sibi
964 2284 1096 2345 domina
1121 2285 1229 2345 relicta
1255 2284 1420 2360 Jendrecz‚
1438 2283 1493 2344 sed

232 2393 290 2452 sibi
318 2392 348 2451 in
383 2405 545 2472 posterum
578 2409 689 2471 pacem
718 2391 833 2467 mittat,
865 2389 942 2471 quid
975 2391 1034 2451 sibi
1068 2394 1163 2451 irater
1194 2391 1324 2452 miserat
1347 2389 1409 2451 hoc
1433 2390 1492 2451 sibi

232 2512 317 2559 extra
343 2497 452 2557 datum
478 2495 548 2573 luit,
574 2495 662 2577 quod
688 2496 877 2576 comprobat
902 2496 969 2578 ipsa
998 2495 1130 2557 domina
1155 2496 1320 2559 Jendrecz.

338 2602 414 2664 ltem
440 2604 472 2663 in
497 2622 590 2663 causa
618 2601 700 2663 inter
727 2601 935 2662 Valentinum
968 2601 1127 2662 seniorem
1159 2601 1299 2681 judicem
1324 2618 1354 2662 et
1377 2601 1494 2663 Valen-

232 2711 334 2770 tinum
367 2723 507 2770 sutorem
541 2708 633 2787 jurati
666 2707 888 2787 judicaverunt
920 2723 1049 2789 propter
1083 2709 1256 2788 quamdam
1290 2709 1403 2769 silvam
1440 2709 1494 2785 ita,

233 2816 319 2896 quod
345 2816 369 2875 si
395 2814 586 2875 Valentinus
609 2827 698 2875 sutor
715 2813 816 2894 ipsam
834 2814 946 2874 silvam
972 2812 1089 2875 habere
1108 2828 1137 2874 et
1154 2834 1279 2877 servare
1304 2815 1382 2893 vult,
1405 2816 1493 2876 satis·

232 2920 325 2981 faciat
350 2941 386 2982 ex
412 2935 499 3002 parte
518 2921 612 2980 unius
629 2920 792 3001 porcionis
815 2920 910 2980 unius
927 2920 1028 3001 pueri,
1054 2919 1203 2981 videlicet
1231 2940 1267 2980 ex
1293 2935 1381 3001 parte
1398 2919 1494 2980 trium

232 3042 261 3087 et
287 3026 382 3086 medii
409 3025 477 3087 flor.
502 3026 582 3103 auri,
606 3040 637 3087 et
661 3025 748 3106 quod
776 3045 876 3107 usque
906 3045 990 3086 nunc
1022 3026 1159 3086 servavit
1183 3027 1307 3105 silvam,
1332 3027 1493 3108 potencia·

233 3132 303 3192 liter
327 3133 474 3194 servavit.

339 3237 416 3300 ltem
442 3239 631 3300 Valentinus
655 3252 743 3300 sutor
776 3239 846 3320 ipso
870 3238 990 3317 judicio
1022 3239 1199 3320 juratorum
1225 3259 1289 3300 non
1315 3253 1494 3319 contentus,

233 3346 332 3427 ipsam
358 3365 485 3406 causam
510 3344 685 3427 appellavit
709 3345 741 3405 in
768 3345 965 3425 presenciam
990 3346 1153 3408 seniorum
1178 3344 1333 3424 judicum.

235 3580 329 3652 Feria
359 3591 454 3652 sexta
485 3590 559 3671 post
588 3582 712 3653 lestnm
732 3581 992 3671 Epiphanlarum
1018 3581 1157 3665 Domini,
1186 3600 1244 3651 sen
1275 3587 1351 3669 post
1370 3579 1493 3650 festum

589 3703 676 3776 beati
707 3705 801 3775 Pauli
830 3707 930 3794 priml
959 3705 1135 3776 Heremite.

630 3857 693 3937 (12.
710 3859 863 3933 januarii,
887 3877 957 3920 ann.
982 3857 1102 3937 1476).

339 3995 416 4057 ltem
441 3996 631 4057 Valentinus
664 3995 803 4079 frenipar
835 3997 1051 4077 juramentum
1077 3997 1164 4078 quod
1197 3995 1307 4057 habuit
1331 3995 1492 4076 deponere

232 4115 362 4183 propter
386 4102 530 4163 debitum
555 4102 690 4163 condam
717 4103 897 4164 Frankonis
920 4103 1009 4186 quod
1037 4103 1096 4165 sibi
1123 4102 1295 4162 Valentino
1320 4101 1493 4181 debuisset,

233 4205 381 4289 deposuit
404 4207 463 4268 rite
488 4221 518 4268 et
546 4208 713 4288 legittime.

337 4311 415 4373 ltem
441 4312 569 4373 Domlro
595 4312 678 4374 filius
704 4313 858 4375 Johannis
875 4314 1016 4397 Peroycz
1040 4326 1149 4375 contra
1174 4313 1294 4375 dictum
1313 4312 1491 4376 lohannem

232 4415 372 4498 Peroycz
385 4417 527 4479 secundo
542 4418 654 4480 citatus
672 4440 735 4481 non
751 4421 941 4502 comparuit,
954 4421 986 4481 in
1003 4420 1103 4482 tercio
1121 4438 1305 4501 comparere
1322 4421 1492 4486 tenebitur.

338 4521 414 4583 ltem
441 4523 579 4604 quedam
605 4545 698 4586 causa
723 4526 804 4586 inter
829 4527 1028 4588 Demetrium
1051 4539 1202 4586 sartorem
1229 4524 1420 4587 modernum
1447 4526 1494 4606 ju»

232 4640 335 4688 ratum
361 4641 391 4689 et
422 4629 595 4710 quemdam
629 4630 712 4692 lwan
747 4631 903 4692 famulum
936 4630 1080 4692 eiusdem
1112 4650 1170 4692 nec
1202 4650 1266 4691 non
1300 4628 1494 4712 Gregorium

235 4729 363 4793 fratrem
388 4732 549 4794 seniorem
574 4734 673 4817 ipsius
705 4736 801 4814 lwan,
833 4737 888 4819 qui
913 4735 999 4798 lwan
1031 4736 1183 4798 recedens
1207 4738 1246 4798 ab
1271 4736 1341 4817 ipso
1366 4737 1495 4802 Domko

234 4855 307 4899 curn
333 4837 474 4920 quadam
490 4839 597 4903 tunica
615 4841 747 4905 vestitus
769 4861 867 4924 quam
888 4843 957 4924 ipse
974 4841 1158 4905 Demetrius
1184 4843 1304 4923 juratus
1319 4843 1497 4909 modernus

1390 4951 1442 5015 ²³³
