3488 5272
620 371 819 447 Ann121451.
847 403 886 411 -
913 383 938 429 r.
957 370 1119 445 februarii.
1468 387 1504 448 ¹7

240 602 278 643 ex
303 602 320 643 a
339 597 436 660 certo,
454 581 592 661 ideoque
618 600 687 658 nos,
704 595 869 662 tamquam
887 581 1005 662 quibus
1026 581 1183 642 incumbit
1207 579 1329 659 justicia
1356 594 1386 641 et
1411 580 1507 642 liber-

238 701 302 750 tate
328 700 433 749 nostra
459 686 660 769 privilegiata
693 688 888 768 requirente,
909 687 993 768 juxta
1031 702 1181 749 contenta
1214 687 1373 768 privilegii
1408 688 1506 748 nostri

238 794 421 854 communis
438 794 533 854 rebus
557 795 709 854 omnibus
727 794 826 875 ipsius
844 794 1009 854 Benedicti
1028 792 1106 854 furis
1123 808 1153 854 et
1168 791 1381 854 malefactoris
1398 792 1507 853 huius-

240 900 330 961 modi
357 900 474 962 notorii
499 914 530 961 et
554 897 715 961 manifesti
750 901 780 961 in
813 900 973 962 territorio
1006 915 1115 961 nostro
1140 899 1256 961 habitis
1289 913 1394 961 nostre
1420 918 1506 960 com·

240 1006 330 1068 muni
363 1006 572 1088 disposicioni
598 1006 775 1088 applicatis,
801 1006 940 1068 eundem
967 1005 1178 1067 Benedictum
1212 1004 1314 1066 furem
1340 1005 1504 1066 notorium

238 1127 270 1174 et
293 1111 500 1174 manifestum
526 1111 765 1174 malefactorem
789 1112 975 1174 huiusmodi
994 1113 1080 1191 juxta
1104 1132 1160 1173 sua
1184 1111 1340 1173 demerita
1366 1111 1405 1173 de
1430 1111 1508 1172 civi·

239 1231 301 1280 tate
326 1233 358 1280 et
382 1219 450 1280 eius
472 1219 636 1281 territorio
665 1219 858 1300 judicialiter
890 1219 928 1279 de
954 1238 1044 1281 more
1068 1219 1147 1280 alias
1179 1232 1332 1280 consueto
1358 1218 1508 1279 duximus

238 1339 270 1386 et
294 1324 495 1386 decrevimus
518 1325 701 1386 eiciendum
728 1339 759 1387 et
783 1324 1022 1407 expellendum,
1054 1343 1165 1407 ymmo
1190 1345 1245 1405 per
1269 1344 1425 1406 precones
1449 1344 1507 1385 no-

239 1446 320 1493 stros
344 1450 533 1494 communes
558 1451 647 1493 more
672 1432 750 1493 alias
779 1447 931 1494 consveto
964 1446 995 1493 et
1020 1432 1086 1493 lieri
1118 1432 1214 1493 solito
1240 1431 1378 1493 eundem
1403 1431 1507 1492 Bene-

240 1537 361 1601 dictum
385 1539 519 1620 turpiter
543 1538 645 1600 eicere
671 1553 701 1600 et
718 1539 879 1620 expellere
904 1537 1038 1600 fecimus
1066 1539 1290 1600 commitentes
1315 1537 1420 1598 eidem
1446 1537 1506 1598 sub

240 1663 321 1726 pena
346 1645 507 1706 sentencie
540 1644 685 1726 capitalis
717 1657 747 1706 et
780 1645 974 1727 privacionis
1006 1646 1068 1705 vire
1097 1664 1153 1705 sue
1188 1643 1384 1725 temporalis,
1410 1659 1444 1704 ut
1468 1643 1507 1704 de

240 1765 346 1812 cetero
371 1765 402 1812 et
425 1771 481 1832 per
506 1750 647 1832 amplius
679 1751 718 1812 ad
754 1751 915 1812 civitatem
950 1750 1124 1832 predictam
1159 1752 1281 1811 eteius
1312 1749 1506 1811 territorium

241 1876 405 1939 nunquam
432 1857 535 1919 redire
560 1857 686 1935 debeat,
712 1877 816 1938 neque
835 1858 951 1918 intrare
977 1876 1082 1938 neque
1107 1858 1221 1918 reverti
1248 1856 1347 1917 modo
1373 1854 1508 1937 aliquali

239 1962 363 2043 justicia
388 1977 420 2024 et
443 1962 589 2024 libertate
615 1977 722 2024 nostra
749 1963 949 2044 privilegiata
984 1963 1179 2044 requirente,
1204 1962 1260 2042 qui
1285 1962 1311 2022 si
1337 1960 1376 2022 de
1402 1974 1507 2022 cetero

241 2084 272 2131 et
294 2089 350 2152 per
374 2068 514 2151 amplius
538 2068 569 2129 in
595 2068 680 2129 dicta
705 2069 833 2131 civitate
866 2082 896 2129 et
921 2069 989 2130 eius
1022 2068 1184 2129 territorio
1209 2081 1376 2149 reppertus
1402 2064 1507 2143 fuerit,

240 2195 314 2237 mox
340 2175 440 2257 ipsam
473 2174 669 2236 sentenciam
703 2174 872 2257 capitalem
906 2189 936 2235 et
969 2175 1187 2256 privacionem
1213 2174 1276 2234 vite
1301 2192 1357 2234 sue
1382 2185 1506 2253 tempo-

240 2281 315 2342 ralis
349 2295 564 2362 consequetur
601 2281 670 2363 ipso
707 2279 809 2359 facto,
845 2280 935 2342 nullo
971 2281 1030 2342 sibi
1064 2280 1208 2342 remedio
1243 2278 1437 2359 suffragante
1474 2279 1506 2339 in

240 2388 298 2450 hac
323 2402 422 2469 parte.
