3488 5272
170 284 173 289 Ι
238 321 298 385 3¹²
625 306 711 361 Anno
730 301 822 381 1467.
847 336 889 346 —
910 316 943 378 9.
960 305 1111 377 januarii.

348 516 425 584 ltem
459 516 533 597 quia
567 514 720 576 Clemens
752 516 949 577 Bankowieb
982 516 1096 593 dictus,
1128 516 1168 577 de
1197 516 1369 598 Pobresya,
1393 530 1510 578 contra

239 622 395 704 Egidium
413 621 594 683 carnificem
620 621 659 682 de
677 622 784 682 Mlalta
801 622 991 683 secundario
1009 622 1122 684 citatus
1146 623 1177 683 in
1196 621 1317 702 judicio
1334 642 1398 683 non
1416 641 1510 684 com·

241 731 356 811 paruit,
381 729 435 790 sed
462 729 536 809 quia
570 728 614 789 uti
640 728 733 788 nobis
765 728 881 789 dicitur
913 728 980 810 ipse
1013 728 1165 790 Clemens
1195 732 1235 790 ad
1260 749 1389 811 presens
1422 742 1506 792 esset

242 834 367 913 debilis,
392 855 467 915 ergo
492 854 599 896 coram
624 835 718 894 nobis
742 854 928 915 comparere
954 856 1017 897 non
1043 836 1157 917 potnit.

345 944 422 1003 Item
441 943 515 1022 quia
535 941 659 1001 Blasius
676 940 853 1021 lutiligulus
870 956 979 1004 contra
998 944 1162 1003 Vrbanam
1179 957 1333 1004 sartorem
1350 942 1502 1004 claudunt

237 1049 429 1109 secundario
461 1049 574 1108 citatus
606 1061 716 1107 contra
747 1048 897 1125 eundem,
931 1068 995 1109 non
1028 1050 1208 1129 comparuit
1232 1050 1263 1109 in
1296 1050 1417 1127 judicio
1452 1067 1503 1109 co-

238 1175 305 1215 ram
332 1156 435 1216 nobis.

345 1261 421 1321 ltem
455 1262 486 1321 in
521 1261 604 1322 lacto
640 1260 895 1336 adjudicacionis
927 1280 982 1340 pet
1019 1260 1224 1341 magnificum
1257 1262 1426 1323 dominum
1448 1261 1503 1321 lo·

241 1369 380 1429 hannem
405 1368 445 1428 de
471 1370 605 1447 Rozgon
632 1368 818 1446 magistrum
847 1367 1094 1427 tawarnicorum
1127 1368 1295 1447 regalium,
1321 1369 1404 1431 inter
1429 1367 1502 1429 Bla-

240 1476 323 1536 sium
343 1475 480 1554 judicem
500 1474 711 1556 Ztoymylych
738 1473 871 1550 dictum,
896 1474 934 1533 ab
957 1493 1018 1533 una
1037 1489 1066 1534 et
1089 1475 1170 1534 inter
1187 1474 1351 1536 dominam
1378 1477 1501 1554 Marga-

240 1583 359 1642 retlram
386 1582 527 1643 relictam
546 1596 576 1641 et
594 1581 757 1640 Thonram
783 1594 813 1639 et
838 1580 917 1640 alios
935 1578 1017 1639 lilios
1039 1581 1174 1640 condam
1194 1581 1317 1641 Nicolai
1336 1580 1498 1659 aurifabri,

240 1689 318 1749 olim
344 1688 458 1766 judicis
480 1701 510 1749 et
535 1687 612 1747 civis
637 1687 720 1747 dicte
753 1687 899 1761 civitatis,
933 1686 1060 1746 racione
1093 1687 1310 1747 concessionis
1334 1688 1444 1748 decem
1470 1702 1502 1748 et

239 1808 312 1856 octo
338 1794 405 1856 flor.
431 1795 510 1869 auri,
536 1813 593 1853 nec
618 1812 681 1853 non
708 1792 902 1871 uninsequi,
921 1792 1014 1851 unius
1038 1792 1213 1872 peclh)arii,
1233 1812 1349 1855 novem
1374 1812 1518 1854 mensu·

240 1921 345 1962 rarum
373 1902 478 1975 tritici,
512 1900 685 1959 duodecim
719 1899 914 1959 tunellarum
946 1918 1117 1957 vacuarum
1151 1899 1213 1959 olei
1239 1915 1269 1959 et
1301 1900 1394 1960 unius
1418 1900 1500 1960 curri

240 2008 279 2067 de
305 2008 461 2067 asseribus
487 2026 584 2086 penes
608 2007 714 2066 literas
738 2004 947 2064 sentenciales
973 2004 1116 2063 eiusdem
1142 2003 1265 2064 domini
1292 2005 1445 2065 lobannis
1463 2005 1502 2065 de

243 2116 376 2193 llozgon
400 2114 503 2174 taliter
538 2112 629 2189 jurati
663 2111 745 2171 dicte
772 2111 906 2170 civitatis
940 2110 996 2190 ipsi
1024 2110 1129 2171 Blasio
1163 2109 1260 2185 judici
1286 2111 1500 2189 juramentum

241 2218 319 2280 leria
337 2235 422 2279 sexta
441 2219 585 2299 proxime
603 2232 735 2278 ventura
753 2217 889 2276 solomet
915 2217 945 2275 in
964 2237 1015 2276 ata
1041 2232 1146 2277 sancte
1165 2217 1278 2278 Crucis
1295 2218 1500 2299 prestandum

242 2327 271 2385 in
299 2346 337 2385 eo
363 2325 591 2405 deponendum
625 2338 720 2404 prout
752 2338 797 2381 est
830 2325 1015 2382 roboratum
1042 2338 1071 2383 et
1104 2324 1281 2401 inventum,
1306 2325 1348 2384 ita
1378 2338 1498 2400 tamen,

241 2432 327 2511 quod
363 2432 427 2512 ipse
455 2431 578 2491 Blasius
612 2430 705 2503 iudex
738 2429 948 2509 prescriptum
982 2449 1113 2508 equum,
1143 2430 1272 2510 ciphum
1306 2444 1504 2510 argenteum,

242 2556 356 2596 novem
376 2557 541 2596 mensuras
558 2536 663 2611 tritici,
681 2535 853 2594 duodecim
872 2535 1009 2594 tunellas
1034 2549 1064 2594 et
1091 2556 1189 2595 unum
1208 2555 1335 2596 currum
1360 2554 1503 2596 asserum

241 2642 346 2702 eidem
373 2644 509 2702 condam
538 2642 673 2701 Nicolao
707 2641 802 2713 iudici
829 2640 1035 2700 concessisset
1068 2656 1098 2702 et
1122 2660 1185 2700 non
1212 2641 1421 2721 propinasset,
1446 2660 1504 2701 nec

241 2749 365 2827 aliquas
391 2750 560 2830 peccunias
585 2749 615 2806 in
642 2762 758 2807 sortem
784 2746 959 2807 solucionis
983 2748 1167 2807 earumdem
1195 2768 1299 2808 rerum
1325 2749 1364 2807 ab
1388 2746 1503 2807 eodem

242 2856 376 2915 Nicolao
395 2856 496 2927 jndice
523 2856 732 2935 percepisset;
759 2856 832 2913 item
858 2855 945 2913 aliud
965 2854 1178 2923 iuramentum
1200 2875 1294 2935 super
1320 2854 1428 2915 valore
1453 2874 1504 2914 ea·

242 2963 387 3022 runrdem
414 2982 530 3029 rerum,
565 2962 712 3020 videlicet
744 2960 875 3038 predicti
911 2960 995 3039 equi,
1021 2960 1104 3040 eiplri
1140 2961 1280 3038 argentei
1315 2976 1344 3020 et
1369 2961 1503 3020 aliatum

245 3088 350 3128 return
379 3068 462 3139 justa
481 3069 740 3127 commissionem
760 3067 899 3146 predicte
917 3066 1078 3126 sentencie
1097 3068 1195 3146 ipsius
1209 3067 1331 3126 domini
1351 3067 1505 3126 lobannis

243 3174 280 3232 de
308 3174 454 3253 ltozgon,
481 3174 571 3250 jurati
599 3174 703 3233 taliter
736 3174 935 3245 invenerunt,
962 3174 1048 3252 qnod
1085 3174 1150 3253 ipse
1179 3173 1301 3232 lllasius
1326 3172 1420 3245 iudex
1445 3188 1504 3232 ter-

243 3280 376 3339 ciusmet
409 3301 480 3339 cum
515 3281 658 3360 personis
690 3279 809 3338 scilieet
842 3280 964 3337 cirilnts
998 3279 1079 3337 dicte
1115 3279 1251 3338 civitatis
1282 3278 1393 3338 eadem
1427 3276 1504 3338 feria

242 3402 326 3445 sexta
352 3388 496 3466 proxime
522 3401 652 3445 venturu
685 3385 786 3455 iurare
820 3385 979 3445 tenebitur
1005 3400 1035 3444 et
1060 3385 1234 3464 deponere,
1267 3399 1422 3464 quantum
1456 3404 1505 3444 res

244 3494 394 3573 premisse
419 3493 523 3552 valent
549 3513 604 3553 seu
629 3493 806 3565 valuerunt,
832 3506 861 3549 et
887 3491 962 3549 dum
998 3490 1123 3564 iurabit,
1149 3492 1236 3571 qnod
1262 3506 1336 3551 tunc
1363 3492 1429 3570 ipsa
1455 3510 1503 3550 re-

243 3600 315 3659 licta
341 3613 370 3659 et
395 3598 450 3658 lilii
471 3600 569 3678 ipsius
593 3598 729 3657 condam
750 3596 873 3657 Nicolai
893 3596 1043 3656 aurifabri
1070 3598 1108 3656 de
1127 3599 1221 3657 rebus
1247 3612 1277 3657 et
1294 3598 1387 3657 bonis
1404 3598 1503 3677 ipsius

243 3707 379 3765 condam
403 3705 525 3764 Nicolai
552 3702 701 3764 auril'abri
729 3723 828 3781 usque
854 3703 1167 3781 quintumdecimum
1194 3705 1278 3764 diem
1299 3704 1396 3783 ipsius
1421 3703 1503 3779 jura·

244 3812 391 3872 mentalis
415 3812 630 3891 deposicionis
654 3811 757 3869 eidem
787 3809 891 3868 Blasio
917 3810 1010 3879 judici
1036 3811 1160 3870 solvere
1187 3812 1389 3872 tenebuntur.

349 3917 424 3976 ltem
459 3938 516 3996 pro
549 3916 698 3996 predictis
723 3916 833 3974 decem
867 3930 896 3975 et
929 3930 1001 3976 octo
1034 3916 1102 3977 flor.
1133 3917 1199 3976 auri
1233 3917 1379 3976 similiter
1411 3917 1502 3993 jurati

243 4025 363 4083 eisdem
389 4025 618 4083 commiserunt
644 4022 747 4081 eidem
776 4020 881 4081 lllasio
908 4021 1009 4093 jurato
1043 4042 1142 4102 usque
1168 4023 1352 4102 quindecim
1378 4022 1502 4083 dierum

242 4132 384 4211 spacium
410 4132 534 4190 solrete
568 4131 762 4189 tenebuntur
795 4149 831 4187 es
857 4147 906 4205 e0,
939 4130 1012 4207 quia
1040 4130 1104 4209 ipse
1131 4130 1255 4189 Blasins
1285 4128 1378 4207 judex
1410 4129 1504 4191 babet

242 4238 349 4298 literas
374 4237 581 4315 obligatorias
607 4235 719 4307 judicis
744 4249 772 4292 et
799 4234 972 4307 iuratorum
1000 4236 1082 4295 dicte
1107 4236 1251 4297 civitatis.

350 4343 426 4403 ltem
452 4363 578 4402 cansam
603 4343 682 4401 inter
708 4340 870 4400 'l'ltonranr
896 4338 998 4400 lilium
1024 4343 1161 4401 condam
1188 4343 1311 4403 Nicolai
1338 4342 1503 4420 aurifabri,

243 4467 276 4511 ut
301 4466 441 4510 actorem
474 4452 514 4509 ab
548 4470 619 4525 una,
645 4462 675 4507 et
708 4448 788 4506 inter
821 4446 1021 4506 Anthonium
1055 4448 1213 4507 seniorem
1248 4450 1386 4526 judicem
1420 4450 1502 4510 dicte

243 4557 377 4617 cititatis
413 4571 446 4616 ut
476 4557 506 4615 in
533 4574 659 4615 causam
692 4567 871 4629 attractum,
905 4553 1033 4613 racione
1066 4555 1262 4634 recepcionis
1287 4556 1503 4635 quorumdam

244 4663 380 4724 duorum
407 4665 542 4735 borum,
575 4682 656 4741 quos
689 4661 755 4741 ipse
780 4659 964 4719 Antlronins
989 4658 1081 4735 judex
1116 4660 1242 4720 racione
1268 4662 1503 4722 verberacionis

245 4769 412 4831 cuiusdam
439 4768 582 4829 mulieris
600 4766 722 4829 Croace
746 4782 891 4849 ternpore
914 4767 962 4826 sui
988 4766 1146 4845 judicatus
1162 4786 1235 4827 cunt
1260 4765 1370 4845 juratis
1386 4783 1503 4830 eotunc
