3488 5272
632 293 719 351 Anno
741 294 833 370 1463.
857 327 901 337 -
927 305 957 369 7.
980 294 1130 369 anuan'i.
1451 313 1509 376 231

250 503 466 584 juramentum
498 502 661 584 prestandi
692 503 807 582 taliter,
840 504 927 586 quod
961 505 1028 586 ipse
1059 505 1211 567 dominus
1236 507 1382 569 Thomas
1407 508 1512 590 ipsum

251 629 307 671 vas
333 609 399 671 vini
431 610 619 692 simpliciter
649 626 680 673 et
704 611 771 673 sine
804 612 914 692 aliquo
939 631 1027 672 mero
1061 613 1166 674 eidem
1198 614 1306 676 relicte
1338 615 1513 676 Ztanlronis

252 717 390 778 vendere
415 716 572 794 dedisset;
597 718 651 799 qui
682 717 833 778 dominus
850 718 995 779 Thomas
1012 718 1052 779 ad
1082 719 1207 781 nullum
1233 721 1374 803 ipsorum
1403 722 1511 784 termi-

249 842 367 884 norum
391 824 478 885 venit
502 843 606 906 neque
632 824 736 906 ipsum
762 822 976 898 iuramentum
1002 825 1146 906 prestitit.

548 1057 645 1133 Feria
673 1071 769 1135 sexta
799 1070 877 1135 ante
910 1063 1034 1136 Thome
1063 1067 1220 1155 apostoli.

748 1219 807 1294 (17.
832 1219 1010 1296 decembris).

354 1357 431 1419 ltem
443 1359 590 1420 terciario
600 1358 833 1440 proclamatum
844 1380 938 1442 super
952 1361 1051 1421 domo
1061 1360 1156 1422 Clare
1170 1360 1508 1443 Trebchychna'dicte.

353 1465 429 1526 ltem
456 1465 532 1545 quia
557 1465 711 1547 providus
743 1466 790 1526 vir
815 1467 933 1528 Paulus
965 1466 1104 1529 carnifex
1137 1467 1221 1528 lilius
1247 1468 1331 1528 Petri
1357 1469 1508 1548 agricole,

247 1571 325 1632 alias
350 1571 544 1632 inhabitator
567 1572 650 1633 dicte
674 1571 822 1650 civitatis,
847 1574 929 1634 clare
958 1592 1066 1634 coram
1100 1574 1192 1634 nobis
1217 1574 1449 1655 comprobavit,
1475 1590 1508 1636 ut

246 1677 379 1758 provida
405 1678 521 1738 mulier
546 1678 646 1739 Elena
671 1693 782 1740 vocata
808 1678 1014 1762 Kuchtoycza
1033 1694 1143 1741 vocata
1168 1694 1336 1742 matertera
1363 1681 1506 1742 eiusdem

246 1783 277 1843 in
303 1783 386 1843 lectu
411 1803 466 1844 sue
491 1784 681 1864 egritudinis
704 1785 832 1846 vineam
864 1804 955 1847 suam
981 1786 1012 1846 in
1045 1787 1206 1848 territorio
1231 1800 1340 1848 nostro
1366 1787 1506 1848 habitam

246 1888 351 1950 eidem
376 1890 641 1951 testamentaliter
665 1891 843 1971 legavisset.

352 1995 413 2056 Hic
438 2010 483 2057 est
506 1996 652 2057 terciario
685 1997 917 2078 proclamatum
950 2017 1046 2080 super
1077 2013 1159 2060 terra
1188 1999 1323 2060 duarum
1350 2001 1507 2062 dictarum

246 2102 331 2163 lwan
357 2101 414 2163 lilii
439 2102 528 2163 Pauli
555 2102 593 2163 de
618 2102 761 2186 Dedych.

482 2338 577 2411 Feria
606 2348 703 2412 sexta
732 2349 808 2429 post
837 2341 958 2413 festum
989 2341 1262 2432 Epiphaniarum.

658 2492 702 2572 (7.
719 2496 870 2570 Jhnrrnrii,
893 2514 962 2554 ann.
990 2493 1096 2575 1463).

352 2635 428 2695 ltem
454 2635 551 2696 tercia
577 2636 644 2697 vice
669 2635 902 2717 proclamatum
938 2651 983 2697 est
1011 2656 1107 2718 super
1130 2638 1257 2699 vineam
1292 2639 1381 2701 Pauli
1414 2638 1506 2719 labri,

243 2740 320 2820 quia
346 2740 435 2802 litere
461 2741 605 2802 eiusdem
630 2756 704 2802 sunt
729 2741 897 2802 casualiter
915 2742 1030 2804 amisse
1054 2757 1085 2804 et
1109 2743 1175 2825 ipse
1200 2744 1290 2805 litere
1315 2745 1431 2806 nullibi
1457 2766 1505 2807 re·

243 2848 338 2929 periri
366 2861 527 2929 poterunt,
545 2868 603 2909 nec
628 2849 745 2929 aliquis
762 2848 977 2910 contradictor
993 2850 1152 2932 apparuit,
1177 2849 1251 2911 ideo
1268 2851 1372 2912 eidem
1399 2853 1505 2914 literas

243 2973 341 3014 novas
365 2955 441 3015 dare
466 2955 698 3017 commisimus.

349 3061 426 3123 ltem
460 3062 606 3122 Thomas
638 3076 739 3122 sartor
773 3061 933 3144 Magdych
966 3062 1069 3124 dictus
1104 3077 1214 3124 contra
1247 3064 1431 3129 ladislaum
1457 3067 1503 3147 ju-

242 3181 345 3228 ratum
371 3169 476 3249 primo
501 3170 614 3230 citatus
639 3189 702 3230 non
729 3170 909 3250 comparuit
935 3170 966 3230 in
991 3169 1112 3248 judicio
1140 3190 1246 3232 coram
1272 3173 1375 3235 nobis.

348 3276 424 3335 ltern
449 3275 538 3356 quod
562 3277 660 3336 nostri
686 3277 818 3337 veniens
842 3277 873 3338 in
900 3278 1098 3358 presenciam
1124 3278 1306 3358 Stephanus
1331 3280 1504 3361 Hungarus

241 3382 383 3441 sororius
407 3381 544 3442 condam
571 3382 734 3444 Benedicti
768 3383 909 3465 episcopi
943 3384 1168 3464 zagrabiensis,
1201 3385 1345 3446 vendidit
1368 3386 1501 3448 domum

241 3503 398 3548 muratam
431 3488 567 3549 Barbare
600 3489 745 3571 privigne
777 3510 844 3568 sue,
876 3491 1031 3551 consortis
1065 3491 1282 3553 bartholomei
1316 3493 1356 3554 de
1382 3494 1501 3554 llaltas-

240 3612 351 3673 purga,
386 3614 521 3654 unacum
548 3594 684 3674 th)orto,
718 3596 819 3656 vineis
853 3611 883 3656 et
914 3596 1003 3657 silvis
1035 3596 1175 3659 indicta
1208 3598 1335 3661 civitate
1368 3614 1400 3661 et
1433 3601 1501 3661 eius

239 3700 399 3760 territorio
425 3699 564 3761 habitam
598 3716 628 3761 et
660 3701 867 3763 existentibus
891 3703 1018 3764 racione
1043 3705 1256 3784 quarumdam
1289 3725 1498 3787 expensarum

239 3824 294 3886 per
308 3805 411 3885 ipsum
427 3806 624 3886 Stephanum
644 3807 834 3888 Hungarum
853 3808 884 3868 in
904 3808 1137 3872 reformatione
1162 3812 1301 3893 ipsarum
1327 3814 1499 3875 domorum

240 3911 406 3990 factarum,
439 3928 469 3973 et
501 3914 575 3993 quia
608 3913 692 3993 juxta
725 3914 1002 3994 adjudicationem
1038 3917 1214 3992 juratorum
1248 3919 1330 3979 dicte
1363 3921 1499 3982 civitatis

240 4035 387 4100 tempore
424 4019 583 4098 judicatus
617 4020 747 4081 secundi
781 4021 935 4082 iohannis
967 4023 1023 4084 lilii
1061 4024 1142 4084 l'etri
1176 4025 1215 4085 de
1248 4045 1334 4086 anno
1368 4026 1497 4087 Domini

239 4125 393 4187 MCCCC
404 4127 672 4207 quinquagesimo
686 4146 898 4209 non03quam
909 4129 1197 4210 quidemdomum,
1214 4131 1379 4211 (hlortum,
1390 4133 1499 4192 vineas

238 4247 267 4292 et
291 4231 387 4292 silvas
412 4232 478 4314 ipse
511 4232 693 4314 Stephanus
724 4233 896 4315 Hungarus
928 4236 1012 4313 juxta
1044 4235 1322 4313 adjudicacionem
1355 4238 1497 4318 ipsorum

238 4336 414 4416 juratorum
440 4354 470 4399 et
494 4339 658 4400 seniorum
684 4339 825 4415 judicum
851 4341 950 4422 ipsius
966 4341 1103 4402 civitatis
1126 4343 1186 4402 sibi
1211 4339 1337 4421 factam,
1361 4344 1498 4425 provido

236 4444 306 4504 viro
332 4444 497 4506 Anthonio
522 4445 640 4507 seniori
666 4445 764 4525 judici
783 4462 813 4508 et
838 4448 961 4509 concivi
980 4461 1090 4509 nostro
1116 4448 1182 4510 tilio
1207 4450 1335 4511 Thome
1360 4451 1399 4513 de
1418 4451 1497 4513 Gra-

237 4550 392 4632 brownyk
417 4571 475 4633 pro
500 4552 663 4633 sexaginta
688 4568 762 4615 octo
787 4553 855 4616 lior.
889 4556 957 4615 auri
984 4556 1148 4632 vendidit;
1173 4571 1202 4617 ct
1228 4557 1304 4637 quia
1328 4577 1387 4618 nos
1412 4558 1497 4633 iuxta

236 4657 402 4737 antiquam
419 4659 684 4722 consuetudinem
703 4661 802 4742 ipsius
815 4661 962 4740 civitatis,
980 4663 1253 4746 literatoriamque
1278 4666 1495 4729 monicionem

235 4761 311 4847 ipsis
335 4763 564 4828 Bartholomeo
588 4781 619 4829 et
643 4767 781 4831 barbare
802 4768 942 4830 consorti
967 4769 1067 4851 ipsius
1083 4790 1118 4832 ac
1143 4771 1244 4833 eciam
1269 4773 1495 4835 communitati
