<?xml version="1.0" encoding="UTF-8"?>
<!DOCTYPE html PUBLIC "-//W3C//DTD XHTML 1.0 Transitional//EN"
    "http://www.w3.org/TR/xhtml1/DTD/xhtml1-transitional.dtd">
<html xmlns="http://www.w3.org/1999/xhtml" xml:lang="en" lang="en">
 <head>
  <title>
</title>
<meta http-equiv="Content-Type" content="text/html;charset=utf-8" />
  <meta name='ocr-system' content='tesseract 3.04.00' />
  <meta name='ocr-capabilities' content='ocr_page ocr_carea ocr_par ocr_line ocrx_word'/>
</head>
<body>
  <div class='ocr_page' id='page_1' title='image "./monumentahistor07laszgoog_0287.png"; bbox 0 0 3488 5272; ppageno 0'>
   <div class='ocr_carea' id='block_1_1' title="bbox 640 355 1498 440">
    <p class='ocr_par' dir='ltr' id='par_1_1' title="bbox 640 355 1498 440">
     <span class='ocr_line' id='line_1_1' title="bbox 640 355 1498 440; baseline 0.003 -24"><span class='ocrx_word' id='word_1_1' title='bbox 640 358 727 416; x_wconf 80' lang='lat' dir='ltr'><strong>Anno</strong></span> <span class='ocrx_word' id='word_1_2' title='bbox 750 355 842 436; x_wconf 78' lang='lat'><em>1462.</em></span> <span class='ocrx_word' id='word_1_3' title='bbox 867 372 983 437; x_wconf 62' lang='lat'><strong>-14</strong></span> <span class='ocrx_word' id='word_1_4' title='bbox 1007 356 1090 420; x_wconf 76' lang='lat' dir='ltr'><strong>maii.</strong></span> <span class='ocrx_word' id='word_1_5' title='bbox 1438 377 1498 440; x_wconf 88' lang='lat'><strong>²23</strong></span> 
     </span>
    </p>
   </div>
   <div class='ocr_carea' id='block_1_2' title="bbox 238 464 1501 473">
    <p class='ocr_par' dir='ltr' id='par_1_2' title="bbox 238 464 1501 473">
     <span class='ocr_line' id='line_1_2' title="bbox 238 464 1501 473; baseline 0.001 -1"><span class='ocrx_word' id='word_1_6' title='bbox 238 464 654 472; x_wconf 67' lang='lat'>-0—...—-——-.———-.-</span> <span class='ocrx_word' id='word_1_7' title='bbox 1162 466 1290 473; x_wconf 79' lang='lat'><em>---——</em></span> <span class='ocrx_word' id='word_1_8' title='bbox 1306 466 1372 473; x_wconf 80' lang='lat'><strong>——.</strong></span> <span class='ocrx_word' id='word_1_9' title='bbox 1398 465 1501 473; x_wconf 75' lang='lat'><strong>-—</strong></span> 
     </span>
    </p>
   </div>
   <div class='ocr_carea' id='block_1_3' title="bbox 227 570 1501 1699">
    <p class='ocr_par' dir='ltr' id='par_1_3' title="bbox 236 570 1501 1293">
     <span class='ocr_line' id='line_1_3' title="bbox 344 570 1499 633; baseline 0 -1"><span class='ocrx_word' id='word_1_10' title='bbox 344 570 422 632; x_wconf 90' lang='lat' dir='ltr'><strong>ltem</strong></span> <span class='ocrx_word' id='word_1_11' title='bbox 448 589 576 632; x_wconf 90' lang='lat' dir='ltr'><strong>causam</strong></span> <span class='ocrx_word' id='word_1_12' title='bbox 601 571 683 631; x_wconf 92' lang='lat' dir='ltr'><strong>inter</strong></span> <span class='ocrx_word' id='word_1_13' title='bbox 708 571 828 632; x_wconf 84' lang='lat' dir='ltr'><strong>Lucam</strong></span> <span class='ocrx_word' id='word_1_14' title='bbox 858 584 1013 633; x_wconf 82' lang='lat' dir='ltr'><strong>sartorem</strong></span> <span class='ocrx_word' id='word_1_15' title='bbox 1040 584 1070 632; x_wconf 91' lang='lat' dir='ltr'><strong>et</strong></span> <span class='ocrx_word' id='word_1_16' title='bbox 1103 571 1227 631; x_wconf 89' lang='lat' dir='ltr'><strong>Jursam</strong></span> <span class='ocrx_word' id='word_1_17' title='bbox 1254 571 1499 633; x_wconf 81' lang='lat' dir='ltr'>inhabitatorem</span> 
     </span>
     <span class='ocr_line' id='line_1_4' title="bbox 237 677 1500 760; baseline 0 -22"><span class='ocrx_word' id='word_1_18' title='bbox 237 678 320 738; x_wconf 91' lang='lat' dir='ltr'><strong>dicte</strong></span> <span class='ocrx_word' id='word_1_19' title='bbox 346 679 484 740; x_wconf 91' lang='lat' dir='ltr'><strong>civitatis</strong></span> <span class='ocrx_word' id='word_1_20' title='bbox 508 679 637 739; x_wconf 85' lang='lat' dir='ltr'>racione</span> <span class='ocrx_word' id='word_1_21' title='bbox 663 678 859 760; x_wconf 88' lang='lat' dir='ltr'><strong>recepcionis</strong></span> <span class='ocrx_word' id='word_1_22' title='bbox 883 678 958 759; x_wconf 91' lang='lat' dir='ltr'><strong>equi</strong></span> <span class='ocrx_word' id='word_1_23' title='bbox 993 677 1091 759; x_wconf 91' lang='lat' dir='ltr'><strong>ipsius</strong></span> <span class='ocrx_word' id='word_1_24' title='bbox 1117 677 1201 738; x_wconf 88' lang='lat' dir='ltr'><strong>Luce</strong></span> <span class='ocrx_word' id='word_1_25' title='bbox 1228 678 1259 738; x_wconf 93' lang='lat' dir='ltr'><strong>in</strong></span> <span class='ocrx_word' id='word_1_26' title='bbox 1285 678 1426 759; x_wconf 91' lang='lat' dir='ltr'><strong>dampno</strong></span> <span class='ocrx_word' id='word_1_27' title='bbox 1451 697 1500 739; x_wconf 93' lang='lat' dir='ltr'><strong>re-</strong></span> 
     </span>
     <span class='ocr_line' id='line_1_5' title="bbox 237 783 1499 868; baseline -0.002 -22"><span class='ocrx_word' id='word_1_28' title='bbox 237 798 375 865; x_wconf 90' lang='lat' dir='ltr'><strong>pertum,</strong></span> <span class='ocrx_word' id='word_1_29' title='bbox 400 784 493 864; x_wconf 82' lang='lat' dir='ltr'><strong>jurati</strong></span> <span class='ocrx_word' id='word_1_30' title='bbox 525 784 802 864; x_wconf 84' lang='lat' dir='ltr'><strong>adjudicaverunt,</strong></span> <span class='ocrx_word' id='word_1_31' title='bbox 834 784 922 866; x_wconf 93' lang='lat' dir='ltr'><strong>quod</strong></span> <span class='ocrx_word' id='word_1_32' title='bbox 955 783 1021 866; x_wconf 92' lang='lat' dir='ltr'><strong>ipse</strong></span> <span class='ocrx_word' id='word_1_33' title='bbox 1047 784 1136 844; x_wconf 91' lang='lat' dir='ltr'><strong>Jursa</strong></span> <span class='ocrx_word' id='word_1_34' title='bbox 1170 783 1273 868; x_wconf 86' lang='lat' dir='ltr'><strong>jurare</strong></span> <span class='ocrx_word' id='word_1_35' title='bbox 1299 784 1436 847; x_wconf 82' lang='lat' dir='ltr'>debebat</span> <span class='ocrx_word' id='word_1_36' title='bbox 1468 784 1499 844; x_wconf 89' lang='lat' dir='ltr'><strong>in</strong></span> 
     </span>
     <span class='ocr_line' id='line_1_6' title="bbox 236 889 1501 972; baseline 0 -21"><span class='ocrx_word' id='word_1_37' title='bbox 236 911 289 952; x_wconf 89' lang='lat' dir='ltr'><strong>ara</strong></span> <span class='ocrx_word' id='word_1_38' title='bbox 314 904 422 952; x_wconf 90' lang='lat' dir='ltr'><strong>sancte</strong></span> <span class='ocrx_word' id='word_1_39' title='bbox 448 892 561 953; x_wconf 86' lang='lat' dir='ltr'>Crucis</span> <span class='ocrx_word' id='word_1_40' title='bbox 584 892 749 968; x_wconf 89' lang='lat' dir='ltr'><strong>solusmet,</strong></span> <span class='ocrx_word' id='word_1_41' title='bbox 774 891 861 972; x_wconf 91' lang='lat' dir='ltr'><strong>quod</strong></span> <span class='ocrx_word' id='word_1_42' title='bbox 891 890 957 972; x_wconf 90' lang='lat' dir='ltr'><strong>ipse</strong></span> <span class='ocrx_word' id='word_1_43' title='bbox 983 889 1104 951; x_wconf 88' lang='lat' dir='ltr'><strong>dictum</strong></span> <span class='ocrx_word' id='word_1_44' title='bbox 1138 908 1258 970; x_wconf 91' lang='lat' dir='ltr'><strong>equum</strong></span> <span class='ocrx_word' id='word_1_45' title='bbox 1284 891 1314 950; x_wconf 94' lang='lat' dir='ltr'><strong>in</strong></span> <span class='ocrx_word' id='word_1_46' title='bbox 1340 891 1501 971; x_wconf 84' lang='lat' dir='ltr'><strong>segetibus</strong></span> 
     </span>
     <span class='ocr_line' id='line_1_7' title="bbox 236 994 1499 1080; baseline 0 -23"><span class='ocrx_word' id='word_1_47' title='bbox 236 998 301 1058; x_wconf 93' lang='lat' dir='ltr'><strong>suis</strong></span> <span class='ocrx_word' id='word_1_48' title='bbox 334 998 515 1080; x_wconf 80' lang='lat' dir='ltr'>recepisset,</span> <span class='ocrx_word' id='word_1_49' title='bbox 540 1012 571 1059; x_wconf 92' lang='lat' dir='ltr'><strong>et</strong></span> <span class='ocrx_word' id='word_1_50' title='bbox 602 999 627 1058; x_wconf 93' lang='lat' dir='ltr'><strong>si</strong></span> <span class='ocrx_word' id='word_1_51' title='bbox 659 997 788 1077; x_wconf 81' lang='lat' dir='ltr'><strong>jurabit,</strong></span> <span class='ocrx_word' id='word_1_52' title='bbox 822 1012 936 1057; x_wconf 82' lang='lat' dir='ltr'>extunc</span> <span class='ocrx_word' id='word_1_53' title='bbox 961 997 1028 1078; x_wconf 89' lang='lat' dir='ltr'><strong>ipse</strong></span> <span class='ocrx_word' id='word_1_54' title='bbox 1062 996 1164 1058; x_wconf 87' lang='lat' dir='ltr'><strong>Lucas</strong></span> <span class='ocrx_word' id='word_1_55' title='bbox 1188 997 1219 1057; x_wconf 93' lang='lat' dir='ltr'><strong>in</strong></span> <span class='ocrx_word' id='word_1_56' title='bbox 1245 994 1328 1057; x_wconf 82' lang='lat' dir='ltr'><strong>sacto</strong></span> <span class='ocrx_word' id='word_1_57' title='bbox 1353 997 1499 1078; x_wconf 88' lang='lat' dir='ltr'><strong>potencie</strong></span> 
     </span>
     <span class='ocr_line' id='line_1_8' title="bbox 236 1101 1498 1186; baseline -0.002 -21"><span class='ocrx_word' id='word_1_58' title='bbox 236 1123 333 1185; x_wconf 95' lang='lat' dir='ltr'><strong>quam</strong></span> <span class='ocrx_word' id='word_1_59' title='bbox 359 1118 468 1165; x_wconf 87' lang='lat' dir='ltr'><strong>contra</strong></span> <span class='ocrx_word' id='word_1_60' title='bbox 494 1104 597 1186; x_wconf 86' lang='lat' dir='ltr'><strong>ipsunt</strong></span> <span class='ocrx_word' id='word_1_61' title='bbox 624 1105 748 1164; x_wconf 90' lang='lat' dir='ltr'><strong>Jursam</strong></span> <span class='ocrx_word' id='word_1_62' title='bbox 779 1103 905 1164; x_wconf 90' lang='lat' dir='ltr'><strong>dicebat</strong></span> <span class='ocrx_word' id='word_1_63' title='bbox 926 1102 1122 1177; x_wconf 88' lang='lat' dir='ltr'><strong>remanebit;</strong></span> <span class='ocrx_word' id='word_1_64' title='bbox 1147 1101 1185 1161; x_wconf 90' lang='lat' dir='ltr'><strong>de</strong></span> <span class='ocrx_word' id='word_1_65' title='bbox 1211 1121 1276 1182; x_wconf 92' lang='lat' dir='ltr'><strong>quo</strong></span> <span class='ocrx_word' id='word_1_66' title='bbox 1294 1101 1414 1181; x_wconf 86' lang='lat' dir='ltr'><strong>judicio</strong></span> <span class='ocrx_word' id='word_1_67' title='bbox 1434 1121 1498 1163; x_wconf 92' lang='lat' dir='ltr'><strong>non</strong></span> 
     </span>
     <span class='ocr_line' id='line_1_9' title="bbox 237 1208 1288 1293; baseline -0.003 -22"><span class='ocrx_word' id='word_1_68' title='bbox 237 1225 406 1272; x_wconf 85' lang='lat' dir='ltr'><strong>contentus</strong></span> <span class='ocrx_word' id='word_1_69' title='bbox 431 1209 571 1293; x_wconf 85' lang='lat' dir='ltr'><strong>prelatus</strong></span> <span class='ocrx_word' id='word_1_70' title='bbox 597 1211 699 1272; x_wconf 89' lang='lat' dir='ltr'><strong>Lucas</strong></span> <span class='ocrx_word' id='word_1_71' title='bbox 723 1209 762 1271; x_wconf 91' lang='lat' dir='ltr'><strong>ad</strong></span> <span class='ocrx_word' id='word_1_72' title='bbox 787 1210 930 1270; x_wconf 82' lang='lat' dir='ltr'>seniores</span> <span class='ocrx_word' id='word_1_73' title='bbox 958 1209 1079 1290; x_wconf 88' lang='lat' dir='ltr'><strong>judices</strong></span> <span class='ocrx_word' id='word_1_74' title='bbox 1102 1208 1288 1291; x_wconf 90' lang='lat' dir='ltr'><strong>appellavit.</strong></span> 
     </span>
    </p>

    <p class='ocr_par' dir='ltr' id='par_1_4' title="bbox 227 1314 1498 1699">
     <span class='ocr_line' id='line_1_10' title="bbox 342 1314 1498 1396; baseline -0.002 -17"><span class='ocrx_word' id='word_1_75' title='bbox 342 1317 418 1379; x_wconf 87' lang='lat' dir='ltr'>Item</span> <span class='ocrx_word' id='word_1_76' title='bbox 445 1319 537 1379; x_wconf 91' lang='lat' dir='ltr'><strong>datus</strong></span> <span class='ocrx_word' id='word_1_77' title='bbox 562 1332 608 1380; x_wconf 92' lang='lat' dir='ltr'><strong>est</strong></span> <span class='ocrx_word' id='word_1_78' title='bbox 632 1318 788 1379; x_wconf 87' lang='lat' dir='ltr'><strong>terminus</strong></span> <span class='ocrx_word' id='word_1_79' title='bbox 808 1316 984 1379; x_wconf 90' lang='lat' dir='ltr'><strong>Benedicto</strong></span> <span class='ocrx_word' id='word_1_80' title='bbox 1002 1314 1164 1378; x_wconf 84' lang='lat' dir='ltr'><strong>aurifabro</strong></span> <span class='ocrx_word' id='word_1_81' title='bbox 1189 1330 1219 1377; x_wconf 87' lang='lat' dir='ltr'><strong>et</strong></span> <span class='ocrx_word' id='word_1_82' title='bbox 1237 1316 1375 1377; x_wconf 89' lang='lat' dir='ltr'><strong>Martino</strong></span> <span class='ocrx_word' id='word_1_83' title='bbox 1400 1315 1498 1396; x_wconf 81' lang='lat' dir='ltr'><strong>judici</strong></span> 
     </span>
     <span class='ocr_line' id='line_1_11' title="bbox 235 1420 1498 1506; baseline -0.002 -22"><span class='ocrx_word' id='word_1_84' title='bbox 235 1424 354 1485; x_wconf 89' lang='lat' dir='ltr'><strong>seniori</strong></span> <span class='ocrx_word' id='word_1_85' title='bbox 379 1424 507 1486; x_wconf 87' lang='lat' dir='ltr'><strong>racione</strong></span> <span class='ocrx_word' id='word_1_86' title='bbox 525 1424 739 1506; x_wconf 88' lang='lat' dir='ltr'><strong>quarumdam</strong></span> <span class='ocrx_word' id='word_1_87' title='bbox 758 1437 925 1500; x_wconf 89' lang='lat' dir='ltr'><strong>metarum,</strong></span> <span class='ocrx_word' id='word_1_88' title='bbox 946 1423 1096 1483; x_wconf 83' lang='lat' dir='ltr'><strong>videlicet</strong></span> <span class='ocrx_word' id='word_1_89' title='bbox 1121 1420 1198 1484; x_wconf 81' lang='lat' dir='ltr'><strong>feria</strong></span> <span class='ocrx_word' id='word_1_90' title='bbox 1217 1435 1328 1504; x_wconf 91' lang='lat' dir='ltr'><strong>quarta</strong></span> <span class='ocrx_word' id='word_1_91' title='bbox 1353 1421 1498 1503; x_wconf 87' lang='lat' dir='ltr'><strong>proxime</strong></span> 
     </span>
     <span class='ocr_line' id='line_1_12' title="bbox 227 1528 1498 1610; baseline -0.001 -21"><span class='ocrx_word' id='word_1_92' title='bbox 227 1538 381 1608; x_wconf 63' lang='lat' dir='ltr'><strong>uentura,</strong></span> <span class='ocrx_word' id='word_1_93' title='bbox 405 1544 436 1593; x_wconf 91' lang='lat' dir='ltr'><strong>et</strong></span> <span class='ocrx_word' id='word_1_94' title='bbox 460 1531 499 1592; x_wconf 91' lang='lat' dir='ltr'><strong>ad</strong></span> <span class='ocrx_word' id='word_1_95' title='bbox 525 1531 586 1592; x_wconf 90' lang='lat' dir='ltr'><strong>hoc</strong></span> <span class='ocrx_word' id='word_1_96' title='bbox 611 1531 676 1593; x_wconf 91' lang='lat' dir='ltr'><strong>dati</strong></span> <span class='ocrx_word' id='word_1_97' title='bbox 701 1544 775 1592; x_wconf 90' lang='lat' dir='ltr'><strong>sunt</strong></span> <span class='ocrx_word' id='word_1_98' title='bbox 799 1530 875 1591; x_wconf 92' lang='lat' dir='ltr'><strong>certi</strong></span> <span class='ocrx_word' id='word_1_99' title='bbox 893 1529 985 1610; x_wconf 87' lang='lat' dir='ltr'><strong>jurati</strong></span> <span class='ocrx_word' id='word_1_100' title='bbox 1012 1544 1042 1592; x_wconf 91' lang='lat' dir='ltr'><strong>et</strong></span> <span class='ocrx_word' id='word_1_101' title='bbox 1063 1528 1156 1610; x_wconf 90' lang='lat' dir='ltr'><strong>probi</strong></span> <span class='ocrx_word' id='word_1_102' title='bbox 1182 1528 1329 1590; x_wconf 89' lang='lat' dir='ltr'><strong>homines</strong></span> <span class='ocrx_word' id='word_1_103' title='bbox 1353 1528 1393 1589; x_wconf 90' lang='lat' dir='ltr'><strong>ad</strong></span> <span class='ocrx_word' id='word_1_104' title='bbox 1418 1528 1498 1588; x_wconf 89' lang='lat' dir='ltr'><strong>revi-</strong></span> 
     </span>
     <span class='ocr_line' id='line_1_13' title="bbox 236 1635 530 1699; baseline 0.014 -4"><span class='ocrx_word' id='word_1_105' title='bbox 236 1635 379 1698; x_wconf 90' lang='lat' dir='ltr'><strong>dendum</strong></span> <span class='ocrx_word' id='word_1_106' title='bbox 405 1637 530 1699; x_wconf 86' lang='lat' dir='ltr'><strong>eadem.</strong></span> 
     </span>
    </p>
   </div>
   <div class='ocr_carea' id='block_1_4' title="bbox 589 1801 1143 2033">
    <p class='ocr_par' dir='ltr' id='par_1_5' title="bbox 589 1801 1143 2033">
     <span class='ocr_line' id='line_1_14' title="bbox 589 1801 1143 1894; baseline -0.002 -19"><span class='ocrx_word' id='word_1_107' title='bbox 589 1801 684 1876; x_wconf 80' lang='lat' dir='ltr'><strong>Faria</strong></span> <span class='ocrx_word' id='word_1_108' title='bbox 714 1812 840 1894; x_wconf 84' lang='lat' dir='ltr'><strong>quarta</strong></span> <span class='ocrx_word' id='word_1_109' title='bbox 869 1812 945 1893; x_wconf 87' lang='lat' dir='ltr'><strong>post</strong></span> <span class='ocrx_word' id='word_1_110' title='bbox 972 1802 1143 1875; x_wconf 78' lang='lat' dir='ltr'><strong>stanislai.</strong></span> 
     </span>
     <span class='ocr_line' id='line_1_15' title="bbox 775 1959 957 2033; baseline 0.022 -19"><span class='ocrx_word' id='word_1_111' title='bbox 775 1961 838 2031; x_wconf 84' lang='lat'><strong>(12.</strong></span> <span class='ocrx_word' id='word_1_112' title='bbox 862 1959 957 2033; x_wconf 78' lang='lat' dir='ltr'><strong>maii).</strong></span> 
     </span>
    </p>
   </div>
   <div class='ocr_carea' id='block_1_5' title="bbox 231 2094 1498 3662">
    <p class='ocr_par' dir='ltr' id='par_1_6' title="bbox 231 2094 1498 3451">
     <span class='ocr_line' id='line_1_16' title="bbox 341 2094 1496 2176; baseline -0.002 -18"><span class='ocrx_word' id='word_1_113' title='bbox 341 2095 491 2158; x_wconf 88' lang='lat' dir='ltr'><strong>Seniores</strong></span> <span class='ocrx_word' id='word_1_114' title='bbox 507 2094 628 2176; x_wconf 82' lang='lat' dir='ltr'><strong>judices</strong></span> <span class='ocrx_word' id='word_1_115' title='bbox 645 2094 910 2174; x_wconf 82' lang='lat' dir='ltr'><strong>adjudicaverunt</strong></span> <span class='ocrx_word' id='word_1_116' title='bbox 926 2115 1055 2158; x_wconf 87' lang='lat' dir='ltr'><strong>eausam</strong></span> <span class='ocrx_word' id='word_1_117' title='bbox 1078 2097 1159 2157; x_wconf 92' lang='lat' dir='ltr'><strong>inter</strong></span> <span class='ocrx_word' id='word_1_118' title='bbox 1185 2096 1395 2157; x_wconf 86' lang='lat' dir='ltr'><strong>Benedictum</strong></span> <span class='ocrx_word' id='word_1_119' title='bbox 1413 2095 1496 2156; x_wconf 89' lang='lat' dir='ltr'><strong>auti·</strong></span> 
     </span>
     <span class='ocr_line' id='line_1_17' title="bbox 237 2201 1495 2285; baseline -0.002 -22"><span class='ocrx_word' id='word_1_120' title='bbox 237 2202 361 2263; x_wconf 84' lang='lat' dir='ltr'><strong>fabrum</strong></span> <span class='ocrx_word' id='word_1_121' title='bbox 388 2217 418 2264; x_wconf 91' lang='lat' dir='ltr'><strong>et</strong></span> <span class='ocrx_word' id='word_1_122' title='bbox 443 2203 625 2264; x_wconf 86' lang='lat' dir='ltr'><strong>Emeticum</strong></span> <span class='ocrx_word' id='word_1_123' title='bbox 652 2201 877 2285; x_wconf 85' lang='lat' dir='ltr'><strong>Sydowchych</strong></span> <span class='ocrx_word' id='word_1_124' title='bbox 902 2203 1034 2280; x_wconf 92' lang='lat' dir='ltr'><strong>dictum,</strong></span> <span class='ocrx_word' id='word_1_125' title='bbox 1063 2202 1178 2279; x_wconf 91' lang='lat' dir='ltr'><strong>taliter,</strong></span> <span class='ocrx_word' id='word_1_126' title='bbox 1203 2202 1277 2284; x_wconf 91' lang='lat' dir='ltr'><strong>quia</strong></span> <span class='ocrx_word' id='word_1_127' title='bbox 1304 2202 1370 2283; x_wconf 91' lang='lat' dir='ltr'><strong>ipse</strong></span> <span class='ocrx_word' id='word_1_128' title='bbox 1396 2202 1495 2262; x_wconf 91' lang='lat' dir='ltr'><strong>Bene·</strong></span> 
     </span>
     <span class='ocr_line' id='line_1_18' title="bbox 233 2306 1496 2391; baseline -0.001 -23"><span class='ocrx_word' id='word_1_129' title='bbox 233 2308 338 2370; x_wconf 90' lang='lat' dir='ltr'><strong>dictus</strong></span> <span class='ocrx_word' id='word_1_130' title='bbox 362 2309 509 2370; x_wconf 89' lang='lat' dir='ltr'><strong>submisit</strong></span> <span class='ocrx_word' id='word_1_131' title='bbox 532 2329 564 2371; x_wconf 90' lang='lat' dir='ltr'><strong>se</strong></span> <span class='ocrx_word' id='word_1_132' title='bbox 597 2308 798 2370; x_wconf 83' lang='lat' dir='ltr'><strong>ordinationi</strong></span> <span class='ocrx_word' id='word_1_133' title='bbox 832 2310 1008 2391; x_wconf 89' lang='lat' dir='ltr'><strong>proborum</strong></span> <span class='ocrx_word' id='word_1_134' title='bbox 1037 2309 1191 2386; x_wconf 89' lang='lat' dir='ltr'><strong>virorum,</strong></span> <span class='ocrx_word' id='word_1_135' title='bbox 1224 2308 1312 2388; x_wconf 91' lang='lat' dir='ltr'><strong>quod</strong></span> <span class='ocrx_word' id='word_1_136' title='bbox 1337 2306 1496 2388; x_wconf 91' lang='lat' dir='ltr'><strong>quidquid</strong></span> 
     </span>
     <span class='ocr_line' id='line_1_19' title="bbox 233 2413 1497 2496; baseline 0 -22"><span class='ocrx_word' id='word_1_137' title='bbox 233 2414 291 2496; x_wconf 90' lang='lat' dir='ltr'><strong>ipsi</strong></span> <span class='ocrx_word' id='word_1_138' title='bbox 318 2416 410 2496; x_wconf 90' lang='lat' dir='ltr'><strong>probi</strong></span> <span class='ocrx_word' id='word_1_139' title='bbox 436 2415 494 2475; x_wconf 88' lang='lat' dir='ltr'><strong>viti</strong></span> <span class='ocrx_word' id='word_1_140' title='bbox 519 2415 731 2491; x_wconf 87' lang='lat' dir='ltr'><strong>ordinassent,</strong></span> <span class='ocrx_word' id='word_1_141' title='bbox 764 2430 920 2496; x_wconf 92' lang='lat' dir='ltr'><strong>quantum</strong></span> <span class='ocrx_word' id='word_1_142' title='bbox 955 2415 1021 2496; x_wconf 91' lang='lat' dir='ltr'><strong>ipsa</strong></span> <span class='ocrx_word' id='word_1_143' title='bbox 1046 2415 1138 2476; x_wconf 90' lang='lat' dir='ltr'><strong>vinea</strong></span> <span class='ocrx_word' id='word_1_144' title='bbox 1163 2415 1203 2474; x_wconf 92' lang='lat' dir='ltr'><strong>ad</strong></span> <span class='ocrx_word' id='word_1_145' title='bbox 1234 2433 1364 2496; x_wconf 89' lang='lat' dir='ltr'><strong>presens</strong></span> <span class='ocrx_word' id='word_1_146' title='bbox 1395 2413 1497 2474; x_wconf 88' lang='lat' dir='ltr'><strong>valuit</strong></span> 
     </span>
     <span class='ocr_line' id='line_1_20' title="bbox 233 2518 1495 2601; baseline -0.001 -21"><span class='ocrx_word' id='word_1_147' title='bbox 233 2534 263 2581; x_wconf 92' lang='lat' dir='ltr'><strong>et</strong></span> <span class='ocrx_word' id='word_1_148' title='bbox 288 2520 372 2582; x_wconf 89' lang='lat' dir='ltr'><strong>valet</strong></span> <span class='ocrx_word' id='word_1_149' title='bbox 397 2520 477 2581; x_wconf 89' lang='lat' dir='ltr'><strong>ultra</strong></span> <span class='ocrx_word' id='word_1_150' title='bbox 504 2520 578 2581; x_wconf 90' lang='lat' dir='ltr'><strong>illos</strong></span> <span class='ocrx_word' id='word_1_151' title='bbox 601 2535 740 2601; x_wconf 89' lang='lat' dir='ltr'><strong>quatuor</strong></span> <span class='ocrx_word' id='word_1_152' title='bbox 765 2519 834 2581; x_wconf 92' lang='lat' dir='ltr'><strong>flor.</strong></span> <span class='ocrx_word' id='word_1_153' title='bbox 860 2535 983 2582; x_wconf 91' lang='lat' dir='ltr'><strong>tantum</strong></span> <span class='ocrx_word' id='word_1_154' title='bbox 1016 2521 1120 2581; x_wconf 90' lang='lat' dir='ltr'><strong>eidem</strong></span> <span class='ocrx_word' id='word_1_155' title='bbox 1146 2519 1271 2581; x_wconf 91' lang='lat' dir='ltr'><strong>solvere</strong></span> <span class='ocrx_word' id='word_1_156' title='bbox 1296 2518 1438 2594; x_wconf 83' lang='lat' dir='ltr'><strong>deberet,</strong></span> <span class='ocrx_word' id='word_1_157' title='bbox 1465 2532 1495 2579; x_wconf 90' lang='lat' dir='ltr'><strong>et</strong></span> 
     </span>
     <span class='ocr_line' id='line_1_21' title="bbox 233 2624 1496 2708; baseline -0.002 -21"><span class='ocrx_word' id='word_1_158' title='bbox 233 2627 307 2708; x_wconf 90' lang='lat' dir='ltr'><strong>quia</strong></span> <span class='ocrx_word' id='word_1_159' title='bbox 333 2627 392 2707; x_wconf 88' lang='lat' dir='ltr'><strong>ipsi</strong></span> <span class='ocrx_word' id='word_1_160' title='bbox 426 2627 517 2708; x_wconf 93' lang='lat' dir='ltr'><strong>probi</strong></span> <span class='ocrx_word' id='word_1_161' title='bbox 543 2626 602 2687; x_wconf 88' lang='lat' dir='ltr'><strong>viri</strong></span> <span class='ocrx_word' id='word_1_162' title='bbox 637 2627 834 2700; x_wconf 88' lang='lat' dir='ltr'><strong>invenerant,</strong></span> <span class='ocrx_word' id='word_1_163' title='bbox 866 2627 954 2706; x_wconf 91' lang='lat' dir='ltr'><strong>quod</strong></span> <span class='ocrx_word' id='word_1_164' title='bbox 989 2628 1055 2707; x_wconf 91' lang='lat' dir='ltr'><strong>ipsa</strong></span> <span class='ocrx_word' id='word_1_165' title='bbox 1088 2627 1180 2686; x_wconf 90' lang='lat' dir='ltr'><strong>vinea</strong></span> <span class='ocrx_word' id='word_1_166' title='bbox 1207 2625 1288 2687; x_wconf 92' lang='lat' dir='ltr'><strong>ultra</strong></span> <span class='ocrx_word' id='word_1_167' title='bbox 1322 2624 1396 2685; x_wconf 91' lang='lat' dir='ltr'><strong>illos</strong></span> <span class='ocrx_word' id='word_1_168' title='bbox 1420 2643 1496 2706; x_wconf 91' lang='lat' dir='ltr'><strong>qua·</strong></span> 
     </span>
     <span class='ocr_line' id='line_1_22' title="bbox 233 2731 1498 2815; baseline -0.002 -23"><span class='ocrx_word' id='word_1_169' title='bbox 233 2746 306 2794; x_wconf 91' lang='lat' dir='ltr'><strong>tuor</strong></span> <span class='ocrx_word' id='word_1_170' title='bbox 330 2732 411 2810; x_wconf 75' lang='lat' dir='ltr'><strong>flor,</strong></span> <span class='ocrx_word' id='word_1_171' title='bbox 444 2752 497 2794; x_wconf 87' lang='lat' dir='ltr'><strong>sex</strong></span> <span class='ocrx_word' id='word_1_172' title='bbox 535 2731 604 2793; x_wconf 88' lang='lat' dir='ltr'><strong>flor.</strong></span> <span class='ocrx_word' id='word_1_173' title='bbox 637 2731 747 2810; x_wconf 88' lang='lat' dir='ltr'><strong>valuit,</strong></span> <span class='ocrx_word' id='word_1_174' title='bbox 780 2752 861 2813; x_wconf 90' lang='lat' dir='ltr'><strong>quos</strong></span> <span class='ocrx_word' id='word_1_175' title='bbox 893 2734 959 2815; x_wconf 90' lang='lat' dir='ltr'><strong>ipse</strong></span> <span class='ocrx_word' id='word_1_176' title='bbox 986 2733 1179 2794; x_wconf 88' lang='lat' dir='ltr'><strong>Benedictus</strong></span> <span class='ocrx_word' id='word_1_177' title='bbox 1210 2731 1314 2792; x_wconf 92' lang='lat' dir='ltr'><strong>eidem</strong></span> <span class='ocrx_word' id='word_1_178' title='bbox 1349 2731 1498 2791; x_wconf 89' lang='lat' dir='ltr'><strong>Emerico</strong></span> 
     </span>
     <span class='ocr_line' id='line_1_23' title="bbox 233 2835 1496 2920; baseline -0.002 -21"><span class='ocrx_word' id='word_1_179' title='bbox 233 2840 357 2901; x_wconf 92' lang='lat' dir='ltr'><strong>solvere</strong></span> <span class='ocrx_word' id='word_1_180' title='bbox 383 2840 505 2916; x_wconf 84' lang='lat' dir='ltr'><strong>debuit,</strong></span> <span class='ocrx_word' id='word_1_181' title='bbox 530 2858 628 2920; x_wconf 89' lang='lat' dir='ltr'><strong>quant</strong></span> <span class='ocrx_word' id='word_1_182' title='bbox 653 2840 858 2900; x_wconf 88' lang='lat' dir='ltr'><strong>concordiam</strong></span> <span class='ocrx_word' id='word_1_183' title='bbox 885 2840 951 2919; x_wconf 88' lang='lat' dir='ltr'><strong>ipse</strong></span> <span class='ocrx_word' id='word_1_184' title='bbox 969 2839 1163 2900; x_wconf 88' lang='lat' dir='ltr'><strong>Benedictus</strong></span> <span class='ocrx_word' id='word_1_185' title='bbox 1189 2836 1289 2898; x_wconf 84' lang='lat' dir='ltr'><strong>lassus</strong></span> <span class='ocrx_word' id='word_1_186' title='bbox 1314 2835 1373 2897; x_wconf 83' lang='lat' dir='ltr'><strong>tait</strong></span> <span class='ocrx_word' id='word_1_187' title='bbox 1390 2856 1496 2897; x_wconf 90' lang='lat' dir='ltr'><strong>coram</strong></span> 
     </span>
     <span class='ocr_line' id='line_1_24' title="bbox 233 2942 1497 3027; baseline -0.005 -21"><span class='ocrx_word' id='word_1_188' title='bbox 233 2946 339 3024; x_wconf 89' lang='lat' dir='ltr'><strong>judice</strong></span> <span class='ocrx_word' id='word_1_189' title='bbox 366 2960 396 3006; x_wconf 93' lang='lat' dir='ltr'><strong>et</strong></span> <span class='ocrx_word' id='word_1_190' title='bbox 420 2960 589 3008; x_wconf 86' lang='lat' dir='ltr'><strong>contentus</strong></span> <span class='ocrx_word' id='word_1_191' title='bbox 614 2943 692 3019; x_wconf 61' lang='lat' dir='ltr'><strong>tuin</strong></span> <span class='ocrx_word' id='word_1_192' title='bbox 713 2945 800 3027; x_wconf 92' lang='lat' dir='ltr'><strong>quod</strong></span> <span class='ocrx_word' id='word_1_193' title='bbox 820 2945 973 3023; x_wconf 79' lang='lat' dir='ltr'><strong>judicium</strong></span> <span class='ocrx_word' id='word_1_194' title='bbox 1000 2965 1058 3006; x_wconf 92' lang='lat' dir='ltr'><strong>nos</strong></span> <span class='ocrx_word' id='word_1_195' title='bbox 1082 2945 1226 3005; x_wconf 91' lang='lat' dir='ltr'><strong>seniores</strong></span> <span class='ocrx_word' id='word_1_196' title='bbox 1244 2942 1365 3023; x_wconf 90' lang='lat' dir='ltr'><strong>judices</strong></span> <span class='ocrx_word' id='word_1_197' title='bbox 1382 2962 1497 3024; x_wconf 89' lang='lat' dir='ltr'><strong>appro-</strong></span> 
     </span>
     <span class='ocr_line' id='line_1_25' title="bbox 234 3049 1496 3133; baseline -0.004 -20"><span class='ocrx_word' id='word_1_198' title='bbox 234 3053 382 3113; x_wconf 89' lang='lat' dir='ltr'><strong>bavimus</strong></span> <span class='ocrx_word' id='word_1_199' title='bbox 407 3052 522 3128; x_wconf 88' lang='lat' dir='ltr'><strong>taliter,</strong></span> <span class='ocrx_word' id='word_1_200' title='bbox 540 3052 627 3132; x_wconf 91' lang='lat' dir='ltr'><strong>quod</strong></span> <span class='ocrx_word' id='word_1_201' title='bbox 645 3050 785 3133; x_wconf 85' lang='lat' dir='ltr'><strong>prelatus</strong></span> <span class='ocrx_word' id='word_1_202' title='bbox 803 3052 994 3112; x_wconf 85' lang='lat' dir='ltr'><strong>Benedictus</strong></span> <span class='ocrx_word' id='word_1_203' title='bbox 1013 3070 1112 3131; x_wconf 90' lang='lat' dir='ltr'><strong>usque</strong></span> <span class='ocrx_word' id='word_1_204' title='bbox 1130 3051 1262 3111; x_wconf 90' lang='lat' dir='ltr'><strong>tercium</strong></span> <span class='ocrx_word' id='word_1_205' title='bbox 1288 3049 1373 3108; x_wconf 90' lang='lat' dir='ltr'><strong>diem</strong></span> <span class='ocrx_word' id='word_1_206' title='bbox 1392 3049 1496 3109; x_wconf 89' lang='lat' dir='ltr'><strong>eidem</strong></span> 
     </span>
     <span class='ocr_line' id='line_1_26' title="bbox 233 3154 1496 3239; baseline -0.004 -20"><span class='ocrx_word' id='word_1_207' title='bbox 233 3159 382 3220; x_wconf 85' lang='lat' dir='ltr'><strong>Emerico</strong></span> <span class='ocrx_word' id='word_1_208' title='bbox 406 3159 531 3220; x_wconf 91' lang='lat' dir='ltr'><strong>solvere</strong></span> <span class='ocrx_word' id='word_1_209' title='bbox 556 3159 727 3236; x_wconf 89' lang='lat' dir='ltr'><strong>tenebitur,</strong></span> <span class='ocrx_word' id='word_1_210' title='bbox 752 3173 782 3218; x_wconf 93' lang='lat' dir='ltr'><strong>et</strong></span> <span class='ocrx_word' id='word_1_211' title='bbox 806 3159 830 3218; x_wconf 92' lang='lat' dir='ltr'><strong>si</strong></span> <span class='ocrx_word' id='word_1_212' title='bbox 856 3158 979 3239; x_wconf 91' lang='lat' dir='ltr'><strong>aliquid</strong></span> <span class='ocrx_word' id='word_1_213' title='bbox 1005 3177 1099 3238; x_wconf 86' lang='lat' dir='ltr'><strong>agere</strong></span> <span class='ocrx_word' id='word_1_214' title='bbox 1125 3156 1219 3217; x_wconf 90' lang='lat' dir='ltr'><strong>habet</strong></span> <span class='ocrx_word' id='word_1_215' title='bbox 1243 3168 1353 3216; x_wconf 91' lang='lat' dir='ltr'><strong>contra</strong></span> <span class='ocrx_word' id='word_1_216' title='bbox 1379 3154 1496 3215; x_wconf 83' lang='lat' dir='ltr'><strong>Valen-</strong></span> 
     </span>
     <span class='ocr_line' id='line_1_27' title="bbox 233 3261 1496 3347; baseline -0.003 -23"><span class='ocrx_word' id='word_1_217' title='bbox 233 3266 335 3326; x_wconf 90' lang='lat' dir='ltr'><strong>tinum</strong></span> <span class='ocrx_word' id='word_1_218' title='bbox 362 3264 530 3347; x_wconf 86' lang='lat' dir='ltr'><strong>Marysych</strong></span> <span class='ocrx_word' id='word_1_219' title='bbox 557 3264 637 3326; x_wconf 92' lang='lat' dir='ltr'><strong>illud</strong></span> <span class='ocrx_word' id='word_1_220' title='bbox 662 3265 795 3345; x_wconf 88' lang='lat' dir='ltr'><strong>juridice</strong></span> <span class='ocrx_word' id='word_1_221' title='bbox 830 3278 1052 3345; x_wconf 88' lang='lat' dir='ltr'><strong>prosequatur,</strong></span> <span class='ocrx_word' id='word_1_222' title='bbox 1077 3264 1127 3324; x_wconf 92' lang='lat' dir='ltr'><strong>cui</strong></span> <span class='ocrx_word' id='word_1_223' title='bbox 1160 3261 1283 3341; x_wconf 88' lang='lat' dir='ltr'><strong>justicia</strong></span> <span class='ocrx_word' id='word_1_224' title='bbox 1309 3280 1373 3322; x_wconf 93' lang='lat' dir='ltr'><strong>non</strong></span> <span class='ocrx_word' id='word_1_225' title='bbox 1399 3262 1496 3321; x_wconf 91' lang='lat' dir='ltr'><strong>dene·</strong></span> 
     </span>
     <span class='ocr_line' id='line_1_28' title="bbox 231 3370 765 3451; baseline 0 -20"><span class='ocrx_word' id='word_1_226' title='bbox 231 3371 359 3451; x_wconf 89' lang='lat' dir='ltr'><strong>gabitur</strong></span> <span class='ocrx_word' id='word_1_227' title='bbox 383 3370 515 3433; x_wconf 89' lang='lat' dir='ltr'><strong>evidens</strong></span> <span class='ocrx_word' id='word_1_228' title='bbox 539 3385 569 3432; x_wconf 91' lang='lat' dir='ltr'><strong>et</strong></span> <span class='ocrx_word' id='word_1_229' title='bbox 594 3371 765 3451; x_wconf 86' lang='lat' dir='ltr'><strong>condigna.</strong></span> 
     </span>
    </p>

    <p class='ocr_par' dir='ltr' id='par_1_7' title="bbox 233 3471 1495 3662">
     <span class='ocr_line' id='line_1_29' title="bbox 339 3471 1495 3557; baseline -0.004 -21"><span class='ocrx_word' id='word_1_230' title='bbox 339 3477 415 3537; x_wconf 93' lang='lat' dir='ltr'><strong>ltem</strong></span> <span class='ocrx_word' id='word_1_231' title='bbox 441 3478 584 3538; x_wconf 88' lang='lat' dir='ltr'><strong>seniores</strong></span> <span class='ocrx_word' id='word_1_232' title='bbox 609 3477 729 3552; x_wconf 81' lang='lat' dir='ltr'><strong>iudices</strong></span> <span class='ocrx_word' id='word_1_233' title='bbox 750 3475 980 3538; x_wconf 90' lang='lat' dir='ltr'><strong>confirmarunt</strong></span> <span class='ocrx_word' id='word_1_234' title='bbox 1003 3494 1130 3537; x_wconf 91' lang='lat' dir='ltr'><strong>causam</strong></span> <span class='ocrx_word' id='word_1_235' title='bbox 1147 3495 1203 3557; x_wconf 92' lang='lat' dir='ltr'><strong>per</strong></span> <span class='ocrx_word' id='word_1_236' title='bbox 1227 3475 1347 3555; x_wconf 82' lang='lat' dir='ltr'><strong>juratos</strong></span> <span class='ocrx_word' id='word_1_237' title='bbox 1371 3471 1495 3550; x_wconf 83' lang='lat' dir='ltr'><strong>adjudi-</strong></span> 
     </span>
     <span class='ocr_line' id='line_1_30' title="bbox 233 3582 1185 3662; baseline 0.001 -21"><span class='ocrx_word' id='word_1_238' title='bbox 233 3596 335 3642; x_wconf 86' lang='lat' dir='ltr'><strong>catam</strong></span> <span class='ocrx_word' id='word_1_239' title='bbox 362 3583 443 3643; x_wconf 91' lang='lat' dir='ltr'><strong>inter</strong></span> <span class='ocrx_word' id='word_1_240' title='bbox 470 3584 588 3644; x_wconf 86' lang='lat' dir='ltr'><strong>Lucam</strong></span> <span class='ocrx_word' id='word_1_241' title='bbox 614 3597 769 3645; x_wconf 91' lang='lat' dir='ltr'><strong>sartorem</strong></span> <span class='ocrx_word' id='word_1_242' title='bbox 794 3597 824 3645; x_wconf 93' lang='lat' dir='ltr'><strong>et</strong></span> <span class='ocrx_word' id='word_1_243' title='bbox 850 3583 973 3643; x_wconf 91' lang='lat' dir='ltr'><strong>Jursam</strong></span> <span class='ocrx_word' id='word_1_244' title='bbox 1000 3582 1185 3662; x_wconf 87' lang='lat' dir='ltr'><strong>agricolam.</strong></span> 
     </span>
    </p>
   </div>
   <div class='ocr_carea' id='block_1_6' title="bbox 235 3779 1494 3997">
    <p class='ocr_par' dir='ltr' id='par_1_8' title="bbox 235 3779 1494 3997">
     <span class='ocr_line' id='line_1_31' title="bbox 235 3779 1494 3874; baseline -0.002 -21"><span class='ocrx_word' id='word_1_245' title='bbox 235 3779 330 3854; x_wconf 76' lang='lat' dir='ltr'><strong>Beria</strong></span> <span class='ocrx_word' id='word_1_246' title='bbox 359 3794 457 3854; x_wconf 86' lang='lat' dir='ltr'><strong>sexta</strong></span> <span class='ocrx_word' id='word_1_247' title='bbox 487 3789 640 3873; x_wconf 83' lang='lat' dir='ltr'><strong>proxima</strong></span> <span class='ocrx_word' id='word_1_248' title='bbox 676 3794 751 3874; x_wconf 86' lang='lat' dir='ltr'><strong>post</strong></span> <span class='ocrx_word' id='word_1_249' title='bbox 778 3785 900 3857; x_wconf 80' lang='lat' dir='ltr'><strong>festum</strong></span> <span class='ocrx_word' id='word_1_250' title='bbox 942 3783 1175 3873; x_wconf 80' lang='lat' dir='ltr'><strong>Apparicionis</strong></span> <span class='ocrx_word' id='word_1_251' title='bbox 1205 3782 1293 3855; x_wconf 81' lang='lat' dir='ltr'><strong>beati</strong></span> <span class='ocrx_word' id='word_1_252' title='bbox 1325 3781 1494 3853; x_wconf 74' lang='lat' dir='ltr'><strong>Michaelis</strong></span> 
     </span>
     <span class='ocr_line' id='line_1_32' title="bbox 761 3907 962 3997; baseline -0.015 -17"><span class='ocrx_word' id='word_1_253' title='bbox 761 3907 962 3997; x_wconf 80' lang='lat' dir='ltr'><strong>archangeli.</strong></span> 
     </span>
    </p>
   </div>
   <div class='ocr_carea' id='block_1_7' title="bbox 772 4064 954 4139">
    <p class='ocr_par' dir='ltr' id='par_1_9' title="bbox 772 4064 954 4139">
     <span class='ocr_line' id='line_1_33' title="bbox 772 4064 954 4139; baseline 0.022 -20"><span class='ocrx_word' id='word_1_254' title='bbox 772 4076 835 4139; x_wconf 69' lang='lat'><strong>(14.</strong></span> <span class='ocrx_word' id='word_1_255' title='bbox 859 4064 954 4134; x_wconf 78' lang='lat' dir='ltr'><strong>mori).</strong></span> 
     </span>
    </p>
   </div>
   <div class='ocr_carea' id='block_1_8' title="bbox 231 4183 1496 4905">
    <p class='ocr_par' dir='ltr' id='par_1_10' title="bbox 231 4183 1496 4693">
     <span class='ocr_line' id='line_1_34' title="bbox 338 4183 1495 4266; baseline -0.002 -22"><span class='ocrx_word' id='word_1_256' title='bbox 338 4184 414 4245; x_wconf 87' lang='lat' dir='ltr'><strong>Item</strong></span> <span class='ocrx_word' id='word_1_257' title='bbox 433 4184 580 4246; x_wconf 78' lang='lat' dir='ltr'><strong>tertiario</strong></span> <span class='ocrx_word' id='word_1_258' title='bbox 604 4198 651 4246; x_wconf 89' lang='lat' dir='ltr'><strong>est</strong></span> <span class='ocrx_word' id='word_1_259' title='bbox 668 4183 900 4265; x_wconf 90' lang='lat' dir='ltr'><strong>proclamatum</strong></span> <span class='ocrx_word' id='word_1_260' title='bbox 921 4204 1017 4266; x_wconf 89' lang='lat' dir='ltr'><strong>super</strong></span> <span class='ocrx_word' id='word_1_261' title='bbox 1034 4185 1132 4245; x_wconf 90' lang='lat' dir='ltr'><strong>domo</strong></span> <span class='ocrx_word' id='word_1_262' title='bbox 1156 4205 1212 4245; x_wconf 91' lang='lat' dir='ltr'><strong>seu</strong></span> <span class='ocrx_word' id='word_1_263' title='bbox 1236 4183 1337 4244; x_wconf 86' lang='lat' dir='ltr'><strong>iundo</strong></span> <span class='ocrx_word' id='word_1_264' title='bbox 1356 4183 1495 4243; x_wconf 90' lang='lat' dir='ltr'><strong>condam</strong></span> 
     </span>
     <span class='ocr_line' id='line_1_35' title="bbox 233 4289 1496 4372; baseline -0.002 -21"><span class='ocrx_word' id='word_1_265' title='bbox 233 4291 386 4372; x_wconf 84' lang='lat' dir='ltr'><strong>Stephani</strong></span> <span class='ocrx_word' id='word_1_266' title='bbox 415 4291 562 4368; x_wconf 87' lang='lat' dir='ltr'><strong>Kondek‚</strong></span> <span class='ocrx_word' id='word_1_267' title='bbox 588 4307 621 4353; x_wconf 92' lang='lat' dir='ltr'><strong>ut</strong></span> <span class='ocrx_word' id='word_1_268' title='bbox 646 4292 670 4352; x_wconf 92' lang='lat' dir='ltr'><strong>si</strong></span> <span class='ocrx_word' id='word_1_269' title='bbox 701 4291 772 4371; x_wconf 92' lang='lat' dir='ltr'><strong>quis</strong></span> <span class='ocrx_word' id='word_1_270' title='bbox 805 4291 1006 4372; x_wconf 88' lang='lat' dir='ltr'><strong>propinquus</strong></span> <span class='ocrx_word' id='word_1_271' title='bbox 1038 4291 1180 4351; x_wconf 88' lang='lat' dir='ltr'><strong>eiusdem</strong></span> <span class='ocrx_word' id='word_1_272' title='bbox 1208 4292 1337 4352; x_wconf 89' lang='lat' dir='ltr'><strong>haberet</strong></span> <span class='ocrx_word' id='word_1_273' title='bbox 1362 4289 1496 4351; x_wconf 90' lang='lat' dir='ltr'><strong>meliora</strong></span> 
     </span>
     <span class='ocr_line' id='line_1_36' title="bbox 231 4396 1495 4478; baseline -0.002 -20"><span class='ocrx_word' id='word_1_274' title='bbox 231 4397 298 4478; x_wconf 81' lang='lat' dir='ltr'><strong>jura</strong></span> <span class='ocrx_word' id='word_1_275' title='bbox 323 4418 417 4478; x_wconf 90' lang='lat' dir='ltr'><strong>super</strong></span> <span class='ocrx_word' id='word_1_276' title='bbox 442 4398 568 4474; x_wconf 88' lang='lat' dir='ltr'><strong>eodem,</strong></span> <span class='ocrx_word' id='word_1_277' title='bbox 594 4398 707 4459; x_wconf 89' lang='lat' dir='ltr'><strong>eadem</strong></span> <span class='ocrx_word' id='word_1_278' title='bbox 733 4398 934 4478; x_wconf 90' lang='lat' dir='ltr'><strong>produceret,</strong></span> <span class='ocrx_word' id='word_1_279' title='bbox 959 4412 988 4458; x_wconf 90' lang='lat' dir='ltr'><strong>et</strong></span> <span class='ocrx_word' id='word_1_280' title='bbox 1014 4398 1122 4458; x_wconf 91' lang='lat' dir='ltr'><strong>nullus</strong></span> <span class='ocrx_word' id='word_1_281' title='bbox 1140 4398 1227 4458; x_wconf 77' lang='lat' dir='ltr'><strong>venit</strong></span> <span class='ocrx_word' id='word_1_282' title='bbox 1251 4417 1308 4459; x_wconf 90' lang='lat' dir='ltr'><strong>nec</strong></span> <span class='ocrx_word' id='word_1_283' title='bbox 1333 4396 1495 4476; x_wconf 83' lang='lat' dir='ltr'><strong>produxit,</strong></span> 
     </span>
     <span class='ocr_line' id='line_1_37' title="bbox 232 4502 1495 4584; baseline -0.002 -20"><span class='ocrx_word' id='word_1_284' title='bbox 232 4504 305 4565; x_wconf 90' lang='lat' dir='ltr'><strong>ideo</strong></span> <span class='ocrx_word' id='word_1_285' title='bbox 338 4504 500 4564; x_wconf 91' lang='lat' dir='ltr'><strong>dabuntur</strong></span> <span class='ocrx_word' id='word_1_286' title='bbox 533 4504 623 4564; x_wconf 90' lang='lat' dir='ltr'><strong>litere</strong></span> <span class='ocrx_word' id='word_1_287' title='bbox 656 4503 814 4584; x_wconf 81' lang='lat' dir='ltr'><strong>Gregorio</strong></span> <span class='ocrx_word' id='word_1_288' title='bbox 847 4519 877 4564; x_wconf 90' lang='lat' dir='ltr'><strong>et</strong></span> <span class='ocrx_word' id='word_1_289' title='bbox 908 4505 1000 4565; x_wconf 90' lang='lat' dir='ltr'><strong>alteri</strong></span> <span class='ocrx_word' id='word_1_290' title='bbox 1026 4503 1184 4583; x_wconf 87' lang='lat' dir='ltr'><strong>Gregorio</strong></span> <span class='ocrx_word' id='word_1_291' title='bbox 1217 4503 1291 4564; x_wconf 88' lang='lat' dir='ltr'><strong>filiis</strong></span> <span class='ocrx_word' id='word_1_292' title='bbox 1315 4503 1429 4563; x_wconf 92' lang='lat' dir='ltr'><strong>Briccii</strong></span> <span class='ocrx_word' id='word_1_293' title='bbox 1455 4502 1495 4563; x_wconf 90' lang='lat' dir='ltr'><strong>de</strong></span> 
     </span>
     <span class='ocr_line' id='line_1_38' title="bbox 232 4608 1494 4693; baseline -0.001 -22"><span class='ocrx_word' id='word_1_294' title='bbox 232 4610 336 4672; x_wconf 91' lang='lat' dir='ltr'><strong>Obres</strong></span> <span class='ocrx_word' id='word_1_295' title='bbox 360 4625 389 4671; x_wconf 91' lang='lat' dir='ltr'><strong>et</strong></span> <span class='ocrx_word' id='word_1_296' title='bbox 414 4611 533 4672; x_wconf 87' lang='lat' dir='ltr'><strong>Mathie</strong></span> <span class='ocrx_word' id='word_1_297' title='bbox 561 4610 748 4693; x_wconf 84' lang='lat' dir='ltr'><strong>Spylwsych</strong></span> <span class='ocrx_word' id='word_1_298' title='bbox 774 4610 980 4671; x_wconf 87' lang='lat' dir='ltr'><strong>inhabitatori</strong></span> <span class='ocrx_word' id='word_1_299' title='bbox 1009 4610 1154 4670; x_wconf 90' lang='lat' dir='ltr'><strong>suburbii</strong></span> <span class='ocrx_word' id='word_1_300' title='bbox 1181 4609 1317 4670; x_wconf 87' lang='lat' dir='ltr'><strong>civitatis</strong></span> <span class='ocrx_word' id='word_1_301' title='bbox 1342 4608 1494 4691; x_wconf 91' lang='lat' dir='ltr'><strong>predicte.</strong></span> 
     </span>
    </p>

    <p class='ocr_par' dir='ltr' id='par_1_11' title="bbox 233 4715 1494 4905">
     <span class='ocr_line' id='line_1_39' title="bbox 339 4715 1494 4798; baseline -0.002 -20"><span class='ocrx_word' id='word_1_302' title='bbox 339 4716 415 4778; x_wconf 90' lang='lat' dir='ltr'><strong>Item</strong></span> <span class='ocrx_word' id='word_1_303' title='bbox 441 4717 537 4778; x_wconf 90' lang='lat' dir='ltr'><strong>tercia</strong></span> <span class='ocrx_word' id='word_1_304' title='bbox 563 4717 631 4778; x_wconf 86' lang='lat' dir='ltr'><strong>vice</strong></span> <span class='ocrx_word' id='word_1_305' title='bbox 648 4717 882 4798; x_wconf 89' lang='lat' dir='ltr'><strong>proclamatum</strong></span> <span class='ocrx_word' id='word_1_306' title='bbox 907 4731 954 4778; x_wconf 87' lang='lat' dir='ltr'><strong>est</strong></span> <span class='ocrx_word' id='word_1_307' title='bbox 978 4735 1074 4798; x_wconf 89' lang='lat' dir='ltr'><strong>super</strong></span> <span class='ocrx_word' id='word_1_308' title='bbox 1090 4715 1176 4777; x_wconf 89' lang='lat' dir='ltr'><strong>civili</strong></span> <span class='ocrx_word' id='word_1_309' title='bbox 1201 4715 1339 4778; x_wconf 85' lang='lat' dir='ltr'><strong>condam</strong></span> <span class='ocrx_word' id='word_1_310' title='bbox 1365 4715 1494 4778; x_wconf 86' lang='lat' dir='ltr'><strong>Thome</strong></span> 
     </span>
     <span class='ocr_line' id='line_1_40' title="bbox 233 4822 1494 4905; baseline 0 -22"><span class='ocrx_word' id='word_1_311' title='bbox 233 4822 343 4905; x_wconf 81' lang='lat' dir='ltr'><strong>llosyn</strong></span> <span class='ocrx_word' id='word_1_312' title='bbox 367 4823 455 4900; x_wconf 88' lang='lat' dir='ltr'><strong>dicti,</strong></span> <span class='ocrx_word' id='word_1_313' title='bbox 479 4838 513 4885; x_wconf 93' lang='lat' dir='ltr'><strong>ut</strong></span> <span class='ocrx_word' id='word_1_314' title='bbox 537 4824 654 4905; x_wconf 89' lang='lat' dir='ltr'><strong>siquis</strong></span> <span class='ocrx_word' id='word_1_315' title='bbox 675 4822 891 4904; x_wconf 85' lang='lat' dir='ltr'><strong>haheretjura</strong></span> <span class='ocrx_word' id='word_1_316' title='bbox 914 4841 1012 4903; x_wconf 85' lang='lat' dir='ltr'><strong>super</strong></span> <span class='ocrx_word' id='word_1_317' title='bbox 1035 4822 1151 4884; x_wconf 89' lang='lat' dir='ltr'><strong>eodem</strong></span> <span class='ocrx_word' id='word_1_318' title='bbox 1170 4822 1201 4884; x_wconf 92' lang='lat' dir='ltr'><strong>in</strong></span> <span class='ocrx_word' id='word_1_319' title='bbox 1220 4822 1292 4884; x_wconf 88' lang='lat' dir='ltr'><strong>vico</strong></span> <span class='ocrx_word' id='word_1_320' title='bbox 1316 4842 1372 4884; x_wconf 91' lang='lat' dir='ltr'><strong>seu</strong></span> <span class='ocrx_word' id='word_1_321' title='bbox 1391 4823 1494 4905; x_wconf 87' lang='lat' dir='ltr'><strong>platea</strong></span> 
     </span>
    </p>
   </div>
   <div class='ocr_carea' id='block_1_9' title="bbox 0 0 1748 5272">
    <p class='ocr_par' dir='ltr' id='par_1_12' title="bbox 0 0 1748 5272">
     <span class='ocr_line' id='line_1_41' title="bbox 0 0 1748 5272; baseline 0 1"><span class='ocrx_word' id='word_1_322' title='bbox 0 0 1748 5272; x_wconf 95' lang='lat' dir='ltr'><strong> </strong></span> 
     </span>
    </p>
   </div>
  </div>
 </body>
</html>
