3488 5272
243 316 303 395 164
602 310 803 393 Ann01458.
828 349 870 357 -
893 325 941 391 17.
968 312 1139 376 novembris.

344 527 420 588 Item
446 526 539 605 jurati
563 525 829 605 adjudicaverunt
855 546 984 587 causam
1016 527 1097 588 inter
1121 524 1292 586 dominum
1318 524 1502 585 Barnabam

236 634 411 694 altaristam
436 645 467 695 et
491 633 634 693 Blasium
659 633 798 711 juratum
820 633 947 694 racione
964 633 1130 694 cuiusdam
1148 631 1287 713 terragii,
1311 630 1368 692 tali
1387 630 1502 707 modo,

238 759 274 801 ex
300 759 364 820 quo
390 739 478 821 prius
502 737 643 820 prelatus
669 738 793 800 Blasius
815 738 935 817 juratus
952 751 1136 820 perceperat
1160 738 1247 819 prius
1264 736 1430 818 quoddam
1448 736 1505 798 tri·

238 846 336 907 ticum
361 846 401 906 ab
426 845 590 926 aliquibus
609 844 663 926 qui
690 843 813 926 prefato
832 844 966 906 domino
981 845 1124 905 Barnabe
1142 844 1174 904 in
1199 844 1267 925 ipsa
1290 855 1374 904 terra
1390 841 1505 923 damp-

238 970 315 1012 num
341 948 493 1028 fecerant,
518 950 579 1012 hoc
604 951 671 1032 ipse
697 951 821 1011 Blasius
845 950 886 1011 ad
911 951 1014 1032 ipsum
1032 949 1204 1032 terragium
1230 961 1437 1032 assumpmat,
1455 968 1505 1009 re·

238 1058 365 1138 liquum
390 1077 466 1118 vero
492 1054 633 1138 prefatus
657 1057 810 1117 dominus
834 1057 998 1118 Barnabas
1021 1056 1146 1118 solvere
1170 1068 1307 1118 tenetur.

344 1163 423 1226 Item
459 1163 606 1225 Thomas
642 1177 751 1224 contra
785 1162 984 1245 Stephanum
1019 1182 1174 1243 generum
1217 1162 1364 1246 Dyonisii
1396 1162 1506 1224 Rabar

238 1270 344 1353 primo
369 1271 484 1332 citatus
508 1289 573 1330 non
598 1270 788 1350 comparuit.

344 1376 423 1438 Item
442 1375 535 1454 jurati
553 1375 820 1456 adjudicaverunt
837 1395 964 1436 causam
983 1375 1065 1436 inter
1090 1374 1193 1437 Frane
1210 1374 1502 1436 molendinatorem

238 1498 270 1545 et
292 1483 483 1564 gargianum
507 1482 606 1543 sancti
641 1481 801 1543 Francisci
835 1482 964 1544 racione
996 1481 1213 1562 quorumdam
1246 1500 1416 1562 equorum,
1448 1482 1505 1543 tali

239 1589 349 1667 modo,
374 1588 464 1670 quod
482 1585 622 1669 prefatus
645 1588 749 1649 Frane
767 1587 982 1666 juramentum
1006 1601 1120 1648 octavo
1145 1587 1197 1648 die
1222 1588 1253 1648 in
1278 1606 1317 1648 eo
1341 1587 1506 1669 deponere

240 1696 372 1757 habebit
395 1695 524 1777 propria
549 1695 581 1755 in
606 1714 752 1776 persona,
777 1707 812 1756 ut
835 1695 902 1776 ipse
935 1693 1076 1774 prefatos
1099 1713 1201 1775 equos
1224 1709 1256 1756 et
1279 1694 1385 1755 mulos
1408 1713 1508 1776 spon·

239 1816 332 1864 tanee
357 1821 415 1862 nec
440 1800 618 1862 secundum
643 1800 804 1862 maliciam
829 1819 919 1861 suam
945 1819 1009 1860 non
1035 1798 1203 1861 interfecit.

346 1907 424 1970 ltem
449 1906 542 1986 jurati
575 1906 841 1986 adjudicaverunt
872 1925 1000 1967 causam
1032 1906 1113 1967 inter
1138 1906 1338 1967 Demetrium
1363 1924 1504 1967 rasorem

240 2028 271 2075 et
295 2015 415 2075 Lucam
441 2013 604 2091 claudum,
627 2026 794 2089 sartorem,
819 2013 947 2073 racione
972 2012 1188 2091 quorumdam
1213 2013 1386 2073 verborum
1411 2010 1505 2072 illici-

240 2135 359 2199 torum,
383 2119 438 2181 tali
463 2120 574 2197 modo,
599 2140 635 2181 ex
661 2138 726 2200 quo
751 2118 973 2180 testimonium
999 2118 1103 2200 ipsum
1128 2118 1328 2179 Demetrium
1353 2117 1504 2199 juratum,

240 2227 328 2308 quod
354 2226 440 2287 idem
464 2244 572 2287 coram
597 2224 719 2286 eisdem
743 2224 905 2305 produxit,
930 2243 1004 2284 eum
1026 2223 1139 2284 eadem
1163 2225 1259 2285 verba
1284 2243 1349 2284 non
1375 2223 1504 2301 dixisse,

241 2332 366 2393 salvum
390 2328 475 2409 fecit,
508 2331 582 2392 ideo
614 2328 755 2412 prefatus
780 2330 883 2390 Lucas
912 2344 1014 2390 sartor
1037 2329 1252 2409 juramentum
1285 2330 1317 2390 in
1343 2348 1381 2391 eo
1406 2328 1507 2411 depo·

241 2457 317 2499 nere
334 2436 477 2515 habebit,
501 2449 537 2498 ut
560 2437 627 2518 ipse
645 2434 769 2518 prelato
787 2435 952 2496 Demetrio
970 2435 1068 2496 rasori
1092 2435 1225 2516 aliquod
1243 2435 1421 2519 dampnum
1438 2455 1504 2497 non

241 2542 350 2605 intulit
362 2544 450 2624 quod
465 2543 552 2625 prius
569 2539 709 2624 prefatus
723 2541 904 2604 Demetrius
918 2555 1027 2602 contra
1042 2541 1145 2621 ipsum
1162 2542 1280 2602 Lucam
1293 2542 1504 2623 proponebat.

348 2649 426 2710 ltem
452 2647 544 2727 jurati
570 2647 835 2727 adjudicaverunt
859 2666 985 2707 causam
1013 2648 1093 2707 inter
1111 2646 1331 2708 Sthankonem
1350 2647 1448 2708 Ribar
1474 2661 1505 2708 et

242 2754 450 2816 Valentinum
475 2752 650 2833 agricolam
675 2753 803 2813 racione
833 2751 1046 2831 quarumdam
1079 2752 1237 2813 securium
1264 2772 1320 2834 per
1343 2751 1503 2834 prelatum

242 2860 449 2921 Valentinum
468 2860 499 2919 in
525 2859 623 2919 domo
647 2878 703 2918 sua
721 2857 916 2918 reclusarum
942 2873 971 2917 et
988 2857 1076 2917 clave
1101 2858 1283 2938 assignaha)
1309 2859 1367 2940 ipsi
1387 2858 1502 2920 Sthan·

243 2966 330 3043 koni,
355 2964 563 3046 perditarum,
581 2964 635 3024 tali
662 2963 771 3039 modo,
797 2977 831 3023 ut
848 2960 990 3042 prefatus
1007 2962 1197 3023 Valentinus
1213 2977 1327 3025 octavo
1352 2963 1403 3024 die
1422 2963 1505 3044 jura-

242 3084 387 3132 mentum
413 3069 574 3151 deponere
600 3068 730 3128 habebit
755 3068 786 3128 in
812 3088 862 3143 eo,
887 3081 1044 3146 quantum
1064 3066 1186 3147 prefate
1212 3089 1338 3129 secures
1362 3088 1417 3129 sue
1435 3089 1506 3150 per-

243 3176 307 3236 dite
333 3175 522 3249 valuerunt3
540 3194 605 3255 quo
623 3173 782 3254 deposita,
807 3169 948 3252 prefatus
967 3172 1109 3234 Sthunko
1133 3174 1216 3255 ipsas
1232 3194 1358 3236 secures
1382 3176 1507 3236 solvere

242 3280 414 3342 tenebitur.

351 3385 428 3445 ltem
455 3384 645 3445 Valentinus
677 3385 817 3464 agricola
852 3398 960 3444 contra
994 3384 1185 3465 Dronisium
1217 3386 1366 3468 Vodopia
1402 3389 1507 3467 primo

246 3492 360 3552 citatus
383 3510 447 3551 non
477 3490 665 3570 comparuit.

352 3596 427 3656 ltem
455 3595 590 3655 hluthias
615 3594 789 3675 pancherar
821 3608 929 3654 contra
960 3594 1132 3655 hlartinum
1160 3596 1350 3676 llungarum
1376 3600 1505 3661 racione

246 3702 461 3785 quorumdam
495 3700 658 3782 pullorum
692 3698 933 3781 (jttrantentuml
970 3700 1013 3759 uti
1047 3700 1105 3759 sihi
1143 3722 1198 3781 per
1232 3702 1349 3775 juratos
1382 3704 1507 3781 adjudi.

246 3823 351 3871 cutum
375 3804 446 3883 suit,
471 3806 632 3887 deposuit,
657 3820 687 3865 et
712 3804 785 3863 ideo
810 3803 1009 3864 reddidimus
1038 3806 1176 3866 eundem
1202 3810 1399 3887 expeditum.

355 3914 430 3975 ltem
468 3912 642 3993 Dyonisius
674 3910 822 3989 Vodopia
855 3922 963 3969 curura
998 3910 1169 3972 hlurtinum
1204 3913 1342 3985 judicem
1376 3918 1504 3979 racione

248 4019 464 4103 quorumdam
483 4018 709 4096 dampnorum,
734 4015 777 4075 uti
804 4029 867 4074 tunt
886 4033 940 4094 per
959 4014 1076 4085 juratos
1101 4036 1197 4094 quam
1222 4038 1278 4098 per
1301 4021 1442 4082 seniores
1459 4022 1506 4099 ju·

248 4128 334 4189 dices
366 4125 581 4203 juramentum
614 4120 658 4181 illi
691 4118 908 4187 adiudicatum
943 4116 1012 4193 suit,
1044 4119 1202 4199 deposuit,
1236 4124 1308 4185 ideo
1342 4127 1508 4190 reddimus

248 4233 387 4294 eundem
414 4228 611 4311 expeditum.

357 4338 434 4399 ltem
459 4336 613 4397 Clemens
638 4331 726 4393 faber
757 4344 865 4390 cntttru
899 4330 1074 4409 Syntonem
1100 4350 1212 4391 cocum
1244 4335 1372 4397 racione
1403 4340 1508 4401 cuius·

251 4445 325 4507 dam
350 4442 548 4505 fideiussorie
566 4437 739 4509 caucionis,
758 4436 801 4495 uti
824 4434 882 4493 ribi
901 4454 956 4511 per
981 4434 1099 4505 iuratos
1116 4436 1332 4505 adiudicatum
1351 4440 1410 4503 fuit
1427 4443 1509 4517 iura·

251 4564 393 4612 mentum
419 4547 578 4629 deposuit,
603 4560 632 4604 et
659 4543 732 4601 ideo
757 4540 920 4601 reddimus¹
945 4539 1084 4599 entrdem
1109 4542 1303 4620 expeditum.

358 4655 433 4715 ltem
453 4652 544 4731 jurati
561 4648 824 4729 adiudicuserunt
843 4662 970 4704 causant
989 4645 1069 4704 inter
1089 4646 1320 4725 Murgan-tham
1338 4653 1509 4717 mulierem

253 4776 283 4825 et
307 4761 442 4823 l‘aulum
474 4772 617 4820 autorem
649 4754 776 4817 racione
808 4748 974 4811 cuiusdam
1003 4750 1168 4827 cicatricis,
1199 4752 1254 4813 tuli
1287 4756 1396 4833 modo,
1420 4763 1509 4839 quod
