3488 5272
253 372 311 435 172
637 358 724 414 Anno
746 368 838 431 1459.
863 388 903 401 -
927 368 980 419 20.
1003 356 1116 430 aprilis.

349 564 426 626 Item
452 565 604 626 dominus
628 565 766 626 Michael
783 564 927 626 Zernche
952 579 983 627 et
1008 565 1139 627 domina
1158 565 1358 646 Margaretha
1376 565 1506 626 racione

241 670 409 732 cuiusdam
435 672 615 732 testamenti
641 671 779 732 verbalis
803 671 941 733 condam
967 672 1063 732 Kwse
1088 671 1197 732 relicte
1222 671 1359 733 condam
1385 670 1506 731 Mathie

242 777 396 857 Gwdocz,
420 778 483 840 tale
507 777 729 839 testimonium
762 777 1005 860 perhibuerunt,
1038 791 1072 839 ut
1103 777 1181 839 dum
1206 775 1328 858 prefata
1353 778 1448 838 Kwsa
1474 777 1506 838 iu

240 884 390 946 extremis
414 883 479 945 vite
502 902 558 945 sue
574 882 763 965 temporalis
785 883 973 961 laborasset,
997 898 1074 946 tunc
1092 884 1160 966 ipsa
1177 884 1384 946 medietatem
1401 883 1506 944 cuius-

240 991 314 1052 dam
338 991 431 1052 vinee
456 1010 512 1052 sue
538 991 655 1072 legavit
679 989 743 1052 filie
760 1011 816 1052 sue
841 1005 912 1073 post
937 1011 1008 1052 eam
1033 992 1104 1053 vive
1129 992 1318 1070 remanenti,
1345 991 1504 1073 reliquam

240 1118 316 1159 vero
329 1097 535 1159 medietatem
550 1117 607 1181 pro
625 1098 813 1159 animatam
831 1098 932 1180 ipsius
950 1099 1069 1159 Mathie
1087 1118 1183 1180 quam
1201 1119 1257 1160 sua
1275 1099 1354 1176 dari,
1368 1098 1503 1160 domum

239 1218 346 1267 autem
370 1224 461 1266 suam
486 1204 605 1285 legavit
627 1204 723 1266 vendi
750 1218 781 1265 et
804 1205 920 1266 exinde
945 1205 1054 1266 debita
1083 1206 1225 1282 exsolvi;
1250 1205 1338 1287 quod
1362 1205 1506 1267 testimo·
1581 1211 1587 1221 ’

239 1312 329 1373 nium
354 1324 401 1373 est
425 1323 635 1392 acceptatum.

345 1416 423 1478 ltem
449 1416 611 1478 lohannes
628 1415 795 1499 Banychin
812 1415 940 1478 racione
959 1417 1128 1478 cuiusdam
1150 1416 1320 1498 juramenti
1345 1437 1402 1499 per
1418 1436 1505 1479 com·

239 1523 440 1605 posicionem
460 1522 542 1584 inter
559 1521 664 1604 ipsum
681 1542 718 1582 ae
735 1523 856 1583 Lucam
877 1537 1019 1583 sutorem
1037 1521 1164 1600 laetam,
1182 1522 1270 1604 quod
1288 1522 1504 1604 juramentum

240 1629 307 1709 ipse
333 1628 494 1708 deponere
520 1628 668 1705 debebat,
702 1629 762 1709 ipsi
797 1630 853 1689 rite
886 1629 1048 1707 relaxavit,
1073 1629 1124 1690 cui
1149 1641 1180 1690 et
1211 1649 1271 1690 nos
1295 1630 1399 1711 ipsum
1425 1629 1504 1690 rela-

240 1735 396 1796 ravimus.

344 1841 421 1902 ltem
447 1840 539 1920 jurati
565 1840 830 1919 adjudicaverunt
862 1860 991 1902 causam
1015 1842 1098 1903 inter
1129 1840 1298 1902 dominum
1324 1840 1504 1901 Barnabam

239 1960 270 2008 et
296 1946 385 2008 Hans
409 1946 504 2029 Cyulr
529 1946 657 2008 racione
682 1946 810 2007 cuidam
835 1947 952 2007 domus
976 1966 1032 2026 per
1060 1947 1165 2028 ipsum
1191 1945 1282 2006 Hans
1307 1944 1400 2027 Cynlr
1425 1945 1504 2006 alias

239 2055 279 2114 ab
305 2053 373 2133 ipso
398 2054 533 2114 domino
558 2053 705 2114 Bernaba
727 2053 895 2134 apreciate,
921 2073 959 2114 ex
983 2072 1048 2132 quo
1073 2054 1140 2134 ipse
1165 2052 1317 2113 dominus
1341 2053 1505 2114 Barnabas

238 2161 342 2241 ipsum
368 2161 457 2222 Hans
482 2161 576 2243 Cynlr
602 2175 696 2241 prout
720 2160 779 2222 sibi
804 2160 993 2242 promiserat
1018 2180 1081 2222 non
1107 2159 1221 2238 tenuit,
1245 2159 1318 2221 ideo
1344 2160 1410 2242 ipse
1435 2179 1500 2221 non

239 2281 365 2328 tenetur
389 2267 447 2328 sibi
475 2268 656 2348 persolvere
680 2267 824 2346 precium
848 2265 948 2348 ipsius
973 2265 1099 2327 domus.

345 2370 422 2434 ltem
458 2371 550 2451 jurati
583 2371 847 2449 adjudicaverunt
888 2391 1016 2432 causam
1048 2372 1130 2433 inter
1161 2371 1301 2453 prelatos
1333 2370 1504 2432 dominum

240 2479 418 2539 llarnabam
444 2498 479 2540 ac
504 2479 608 2560 ipsum
635 2478 724 2539 Hans
749 2477 843 2560 Cynlr
863 2478 990 2539 racione
1015 2479 1231 2559 quarumdam
1258 2479 1422 2539 literarum
1446 2496 1504 2558 per

240 2585 344 2664 ipsum
369 2585 401 2646 in
428 2585 494 2666 ipsa
527 2584 626 2646 domo
659 2585 882 2666 repositarum,
915 2603 977 2665 que
1010 2584 1042 2644 in
1068 2584 1181 2647 eadem
1212 2597 1287 2646 sunt
1309 2584 1443 2667 perdite,
1468 2595 1504 2644 ut

240 2688 305 2770 ipse
332 2689 421 2751 Hans
446 2688 540 2771 Cyuk
564 2703 678 2750 octavo
703 2689 754 2750 die
780 2690 908 2771 propria
933 2691 966 2750 in
997 2709 1135 2773 persona
1159 2690 1377 2770 juramentum
1402 2688 1503 2771 depo·

239 2814 315 2856 nete
339 2794 468 2856 debebit
501 2795 556 2855 tali
582 2795 691 2872 modo,
724 2795 812 2875 quod
845 2795 911 2875 ipse
944 2794 1081 2876 prelatas
1112 2797 1219 2858 literas
1243 2795 1304 2857 sibi
1329 2814 1388 2857 nec
1412 2794 1504 2856 dedit

238 2901 277 2961 ud
304 2901 571 2975 conservandum,
595 2920 653 2961 nec
678 2901 744 2982 ipse
769 2920 821 2961 eas
845 2919 910 2981 quo
935 2901 1133 2963 devenerunt
1156 2902 1237 2964 scire
1261 2915 1376 2983 potest.

344 3005 421 3067 ltetn
447 3006 598 3067 dominus
623 3008 731 3068 Abbas
755 3020 864 3067 contra
882 3007 1024 3068 relictam
1051 3007 1187 3090 Stefflyn
1205 3007 1420 3090 juramentum
1446 3006 1502 3067 de·

239 3111 344 3192 posuit
371 3112 401 3171 iu
427 3131 477 3188 eo,
504 3112 590 3191 quod
624 3111 764 3192 prelatus
794 3112 927 3193 Stetllyn
954 3113 1013 3193 ipsi
1039 3113 1174 3174 domino
1206 3114 1312 3174 abbati
1339 3131 1404 3173 non
1429 3111 1503 3194 plus

239 3235 335 3296 quum
362 3216 533 3277 detulerint
560 3217 666 3298 pensis
698 3217 904 3278 denariorum
929 3231 959 3277 et
983 3218 1098 3279 XXllll
1134 3218 1273 3280 denariis
1298 3217 1337 3279 ad
1363 3230 1502 3298 quatuor

239 3322 389 3395 lloreuos,
414 3342 495 3402 eletos
521 3323 586 3401 ipse
611 3323 671 3381 sibi
697 3323 910 3402 obligabatur,
936 3323 1084 3385 dedisset.

345 3426 420 3487 ltetn
456 3428 654 3507 blarguretltu
688 3428 803 3487 mulier
843 3428 1055 3500 iuramentum
1090 3430 1177 3510 quod
1210 3429 1327 3492 habere
1360 3430 1500 3492 debebat

239 3547 348 3592 contro
373 3552 505 3611 popum,
531 3548 623 3612 ,iustu
650 3532 759 3592 debuit
790 3534 948 3613 deposuit,
977 3554 1072 3615 quarn
1108 3556 1166 3596 nos
1189 3535 1347 3597 mittimus
1363 3536 1498 3617 quitam.

346 3638 420 3697 ltent
438 3639 561 3697 Murcus
575 3657 629 3717 per
644 3636 809 3698 Gurudunr
827 3654 872 3699 est
886 3641 1035 3700 dimissus
1052 3662 1109 3721 pro
1123 3641 1315 3719 jurament0,
1328 3641 1417 3723 quod
1431 3643 1498 3723 ipse

238 3742 397 3823 deponere
424 3744 559 3803 debebat
587 3744 713 3803 racione
743 3744 907 3804 cuiusdam
933 3748 1066 3825 argenti,
1099 3748 1153 3808 tali
1180 3749 1289 3823 modo,
1314 3762 1348 3808 ut
1372 3749 1439 3830 ipsa
1466 3748 1499 3808 iu

238 3846 317 3908 sesto
344 3849 427 3908 beuti
455 3849 585 3926 tieorpii
621 3849 757 3907 rnurtitis
789 3869 872 3910 nune
905 3852 1048 3931 proxime
1085 3853 1223 3914 atl'uturo
1248 3854 1355 3914 eidem
1389 3855 1499 3915 Marco

237 3954 348 4014 decetu
374 3974 487 4033 pensus
512 3954 715 4013 derutriorurn
746 3954 820 4013 dore
846 3956 985 4017 debebit.

345 4060 420 4120 lteut
449 4060 534 4118 lilios
551 4076 756 4138 uttupouator
774 4076 882 4121 contra
906 4062 1082 4143 Georgium
1101 4081 1256 4126 rectorem
1280 4067 1367 4128 scole
1391 4067 1499 4150 primo

237 4168 349 4229 citurus
375 4186 438 4225 uoo
465 4166 654 4244 eertupuruit.

302 4400 395 4473 lerla
427 4414 521 4470 serto
553 4403 704 4487 ortulum
735 4414 811 4471 oute
839 4404 958 4472 lestuut
988 4407 1077 4474 beati
1108 4406 1237 4494 Georgii
1268 4412 1436 4482 martiris.

773 4568 822 4613 sto,
847 4558 950 4611 odisses
960 4562 973 4615 ¹,

346 4696 420 4755 ltetu
450 4694 534 4753 lilios
560 4708 765 4771 euiupmtutor
798 4710 905 4753 cerrum
940 4696 1115 4775 tieorgiuru
1142 4715 1297 4762 rectorem
1329 4702 1416 4765 scole
1447 4724 1497 4766 se·

238 4802 345 4865 cundo
370 4800 483 4861 citurus
508 4818 571 4859 ooo
598 4798 785 4875 coutpsruit.
