3488 5272
575 344 778 425 Ann01466.
804 383 843 392 —
870 362 919 423 19.
943 350 1114 423 septembris.
1418 370 1474 432 301

217 452 277 459 ...-
314 454 361 459 --.
407 455 440 459 ..-

213 558 341 619 racione
374 558 550 620 ablacionis
581 559 793 639 quarumdam
828 579 933 620 rerum
967 575 997 622 ct
1037 562 1196 621 bonorum
1230 580 1285 642 per
1316 563 1477 624 Andream

215 664 423 746 lllyndorffer,
457 679 487 726 et
520 666 656 726 aliorum
683 665 898 746 dampnorum
925 667 1040 727 exinde
1072 682 1266 744 secutorum,
1298 687 1379 747 quos
1411 669 1476 749 ipse

214 771 343 832 dicebat
365 771 426 831 sibi
451 769 608 832 factorum
635 791 671 831 ex
696 786 784 852 parte
809 771 965 832 iohannis
986 771 1171 853 Perouych,
1196 771 1288 847 jurati
1314 773 1475 851 adjudica-

214 891 337 955 verunt,
354 877 442 958 quod
460 877 526 958 ipse
545 876 678 938 Chedcn
696 877 825 939 deberet
844 877 959 938 habere
982 897 1078 939 unam
1096 878 1219 938 literam
1236 899 1252 939 a
1269 878 1375 958 judice
1392 880 1475 941 dicte

215 983 351 1045 civitatis
376 998 406 1046 et
430 984 563 1045 transire
588 984 669 1045 circa
696 984 799 1065 ipsum
827 986 1024 1067 Myndorffer
1057 999 1087 1046 et
1111 1001 1253 1068 repetere
1278 1007 1327 1047 res
1351 1001 1476 1048 suaset

214 1109 345 1152 suorum
372 1091 596 1151 consociorum
622 1107 653 1151 et
677 1092 777 1152 eciam
803 1093 916 1152 rescire
935 1106 1064 1174 propter
1087 1112 1183 1173 quam
1209 1112 1275 1152 rem
1294 1093 1360 1173 ipse
1387 1093 1477 1174 Myn-

214 1196 332 1258 dorffer
356 1197 477 1259 detinet
502 1218 550 1258 res
573 1213 604 1260 et
637 1199 720 1259 bona
746 1199 908 1280 ipsorum;
941 1218 1037 1279 quam
1070 1218 1197 1258 causam
1224 1199 1290 1279 ipse
1316 1198 1477 1260 lohannes

214 1303 388 1386 Perowych
414 1304 588 1386 appellavit
612 1305 651 1364 ad
676 1305 823 1366 seniores
846 1304 979 1385 judices.

320 1411 396 1472 ltem
431 1431 557 1472 causam
596 1412 676 1472 inter
713 1410 890 1472 Johannem
926 1410 1099 1494 Peroivych
1133 1426 1162 1471 et
1197 1412 1277 1471 inter
1313 1412 1475 1472 Thomam

214 1516 347 1579 Cheden
385 1518 513 1579 racione
549 1518 797 1600 vituperationis
833 1531 864 1579 et
888 1518 1119 1600 appellacionis
1160 1518 1263 1598 ipsum
1298 1517 1476 1577 Johannem

213 1624 388 1707 Perowych
414 1624 515 1686 lilium
541 1626 726 1697 meretricis,
760 1625 850 1704 jurati
877 1624 1156 1702 adjudicaverunt,
1189 1624 1264 1704 quia
1290 1624 1356 1704 ipse
1383 1624 1476 1684 l‘ero-

212 1731 303 1813 wych
329 1731 433 1813 ipsum
452 1731 646 1813 vituperium
663 1751 735 1792 cum
754 1732 886 1792 testibus
904 1731 1137 1810 comprobavit,
1157 1730 1228 1789 ideo
1249 1730 1314 1809 ipse
1332 1729 1478 1789 Thomas

213 1837 470 1920 condempnatus
495 1852 540 1898 est
565 1840 596 1898 in
623 1837 732 1899 decem
759 1837 865 1919 pensis
891 1837 948 1918 ipsi
972 1837 1109 1896 Johanni
1137 1835 1311 1917 l’erou'ych
1337 1850 1367 1895 et
1391 1855 1478 1896 corn·

212 1947 360 2008 munitati
386 1961 514 2008 centum
540 1947 700 2022 denarios,
733 1947 810 2007 etsi
845 1947 979 2008 ulterius
1003 1945 1064 2006 hoc
1096 1959 1285 2026 attemptare
1310 1965 1476 2027 presump-

211 2052 297 2129 serit,
322 2072 437 2134 penam
463 2053 606 2134 pacietur
632 2052 662 2112 in
688 2066 806 2114 statuto
831 2053 1054 2133 conscriptam.

319 2159 396 2221 Item
422 2179 551 2220 causam
577 2160 658 2220 inter
682 2175 864 2220 consortem
894 2158 976 2220 Petri
1009 2159 1179 2236 sellatoris,
1203 2172 1237 2218 ut
1261 2158 1422 2233 actricem,
1448 2173 1478 2218 et

214 2264 415 2326 Anthonium
435 2264 623 2347 Oprasnych
642 2265 769 2327 racione
787 2265 964 2326 oblacionis
981 2265 1146 2326 cuiusdam
1165 2263 1229 2326 fimi
1249 2279 1334 2325 extra
1353 2264 1476 2323 Novam

211 2384 336 2452 portam
362 2391 463 2453 prope
489 2372 675 2453 Perowych,
700 2373 767 2452 ipsa
800 2372 902 2449 jurare
928 2373 1088 2432 tenebitur
1121 2369 1198 2432 feria
1223 2385 1309 2431 sexta
1334 2370 1477 2451 proxime

212 2491 346 2539 ventura
372 2479 403 2538 in
429 2499 481 2538 ara
506 2494 613 2539 sancte
639 2477 763 2556 Crucis,
795 2478 883 2559 quod
917 2478 970 2539 ille
996 2477 1090 2538 fimus
1115 2476 1174 2538 luit
1206 2477 1306 2558 ipsius
1331 2476 1479 2557 proprius

212 2598 242 2643 et
266 2603 322 2666 per
345 2584 498 2645 animalia
525 2584 624 2665 ipsius
647 2582 759 2662 lactus,
784 2596 814 2644 et
839 2583 915 2644 dum
949 2583 1077 2663 iurabit,
1103 2599 1177 2644 tunc
1203 2583 1269 2664 ipse
1295 2580 1478 2641 Anthonius

212 2688 344 2752 debebit
368 2691 493 2752 solvere
519 2690 624 2752 eidem
649 2690 760 2751 decern
794 2710 925 2768 marcas,
958 2691 1052 2751 cuius
1076 2690 1138 2751 due
1171 2704 1275 2771 partes
1299 2689 1358 2770 ipsi
1384 2688 1476 2749 uxori

212 2808 242 2855 et
264 2797 360 2858 tercia
385 2817 456 2879 pars
480 2797 715 2859 communitati.

268 3015 364 3090 leria
394 3029 492 3089 sexta
520 3022 674 3108 proxima
712 3028 789 3108 post
825 3019 946 3091 festum
976 3028 1092 3090 sancte
1121 3017 1246 3101 Crucis,
1276 3030 1425 3107 quatuor

742 3152 938 3232 temporum.

701 3295 765 3372 (19.
790 3294 981 3373 septembris).

320 3436 396 3498 ltem
421 3435 555 3517 provida
589 3435 721 3496 domina
748 3435 922 3498 Katherina
955 3449 1078 3512 vocata,
1110 3454 1241 3495 consors
1266 3435 1349 3496 Petri
1381 3435 1474 3495 sella·

215 3542 303 3619 toris,
328 3543 470 3602 concivis
495 3557 613 3618 nostra,
639 3541 716 3602 leria
741 3556 825 3602 sexta
845 3542 990 3622 proxima
1007 3555 1079 3601 ante
1106 3538 1220 3601 festum
1239 3555 1346 3601 sancte
1365 3540 1477 3601 Crucis

214 3647 428 3727 juramentum
454 3647 514 3707 sibi
540 3667 597 3729 pro
623 3649 765 3728 quodam
791 3647 867 3708 fimo
901 3668 956 3728 per
982 3647 1181 3708 Anthonium
1208 3646 1395 3728 Oprasnych
1422 3646 1475 3706 ad-

213 3751 401 3833 judicatum,
427 3754 561 3833 prestitit
587 3768 620 3814 ut
646 3755 767 3815 debuit.

319 3858 395 3920 ltem
412 3859 714 3937 Vrbanusclaudus,
728 3860 809 3920 circa
823 3874 967 3920 sanctum
987 3859 1171 3935 hlartinum,
1186 3878 1243 3918 nec
1261 3878 1325 3919 non
1343 3878 1473 3919 consors

213 3963 269 4026 filii
287 3965 443 4043 eiusdem,
469 3967 683 4044 juramentum
702 3967 762 4026 sibi
788 3981 817 4026 et
834 3966 938 4026 eidem
954 3965 1092 4026 consorti
1111 3964 1258 4025 similiter
1274 3985 1329 4024 sue
1348 3964 1471 4039 adjudi-

213 4087 318 4134 catum
338 4073 466 4133 racione
483 4073 674 4154 suspicionis
686 4070 839 4134 surticinii
859 4071 1024 4133 cuiusdam
1041 4072 1133 4146 milii,
1150 4071 1284 4151 prestitit
1302 4086 1335 4130 ut
1353 4071 1474 4130 debuit.

318 4177 395 4238 ltem
420 4179 517 4240 tercia
543 4179 611 4239 vice
636 4178 868 4261 proclamatum
902 4193 958 4253 est,
990 4191 1024 4238 ut
1050 4175 1185 4238 Mathias
1210 4175 1396 4258 Spylwsych
1421 4190 1474 4236 aut

212 4282 357 4345 Thomas
388 4304 488 4366 gener
522 4285 646 4346 Kozten
674 4299 704 4347 et
735 4284 819 4346 lilius
852 4286 970 4345 Vrbani
1004 4284 1109 4345 claudi
1143 4298 1295 4344 vocantur
1321 4284 1360 4343 ad
1394 4283 1472 4357 judi·

212 4389 309 4467 cium,
334 4389 384 4450 vel
407 4391 433 4451 si
459 4392 513 4472 qui
539 4407 642 4452 essent
667 4411 725 4474 pro
750 4392 795 4453 eis
819 4406 1052 4472 procuratores,
1081 4391 1227 4450 venirent
1251 4404 1281 4450 et
1305 4410 1336 4449 se
1361 4408 1473 4470 expur-

211 4490 323 4575 garent
345 4515 403 4576 pro
429 4496 486 4557 illo
511 4495 674 4559 lurticinio
696 4496 862 4558 cuiusdam
896 4497 974 4557 milii
1002 4496 1108 4556 relicte
1133 4494 1268 4556 Chehlto
1301 4493 1394 4569 lacto,
1419 4495 1473 4574 qui

211 4620 271 4665 nec
296 4617 452 4666 venerunt
475 4623 582 4685 neque
606 4622 664 4685 pro
688 4623 721 4665 se
747 4604 871 4665 mittere
891 4622 1041 4663 curarunt
1069 4620 1126 4683 pro
1153 4602 1228 4683 ipsis
1246 4601 1474 4683 responsalem.

318 4707 394 4770 Item
420 4728 548 4771 causam
574 4709 655 4770 inter
680 4710 810 4772 liausar
842 4729 877 4770 ac
909 4708 1109 4770 Anthonium
1136 4707 1221 4768 Roth
1253 4721 1282 4768 et
1307 4707 1472 4768 dominam

211 4828 394 4879 consortem
426 4814 571 4880 eiusdem
602 4815 732 4879 racione
766 4814 983 4899 quorumdam
1025 4814 1209 4877 debitorum
1241 4832 1297 4897 per
1335 4813 1472 4875 condam
