3488 5272
262 321 322 404 198
640 322 842 403 Anno1461.
866 358 910 370 -
926 338 981 402 31.
997 323 1152 401 januarii.

363 533 443 596 Item
469 534 615 596 Thomas
638 531 806 596 familiaris
837 534 958 597 Mathie
981 549 1162 617 tergowecz
1192 533 1310 617 juravit
1331 532 1411 599 feria
1433 550 1523 598 sexta

256 639 403 722 proxima
427 654 500 723 post
530 638 646 702 festum
671 639 902 703 conversionis
935 642 1019 703 beati
1052 641 1142 703 Pauli
1176 641 1314 723 apostoli
1338 641 1524 706 terciutmet

257 746 289 807 in
314 766 368 807 ara
392 760 500 809 sancte
526 746 641 810 Crucis
665 746 696 807 in
726 766 777 826 eo,
808 747 897 829 quod
921 748 989 831 ipse
1013 748 1047 810 in
1079 748 1247 811 ablncione
1271 747 1429 811 ferrorum
1453 768 1523 811 ara·

259 850 375 913 bilium
399 851 524 914 Nicolai
549 851 662 913 decani
687 865 718 915 et
741 853 889 915 moderni
906 852 1011 935 jurati,
1036 853 1114 916 civis
1139 853 1222 915 dicte
1246 853 1394 933 civitatis,
1417 853 1523 917 eidem

258 956 394 1019 Nicolno
419 957 452 1019 in
476 957 567 1020 nullo
599 970 681 1019 esset
712 959 899 1041 culpabilis3
936 979 1034 1042 quem
1065 960 1287 1023 commisimus
1317 960 1458 1043 quittum
1492 975 1523 1024 et

259 1062 457 1145 expeditum.

338 1297 435 1373 Feria
464 1308 562 1373 sexta
590 1303 745 1391 proxima
773 1309 852 1374 ante
879 1301 1002 1375 festum
1031 1302 1163 1376 Natalis
1193 1301 1318 1376 Christi
1346 1313 1433 1396 (sic).

733 1445 820 1497 anno
849 1424 902 1500 LX
929 1429 1048 1516 primo.

284 1626 288 1633 .
363 1575 441 1638 Item
465 1578 700 1659 proclamatum
725 1591 772 1641 est
796 1578 899 1659 prima
923 1578 992 1640 vice
1024 1598 1120 1662 super
1144 1578 1236 1641 vinea
1261 1578 1400 1642 condam
1424 1580 1522 1645 Lacz-

257 1684 351 1743 konis
375 1681 432 1745 filii
457 1684 594 1746 condam
620 1684 775 1746 iohannis
797 1683 943 1766 Hungari
968 1685 1008 1747 de
1032 1684 1172 1764 Babcha‚
1197 1698 1228 1747 et
1244 1705 1300 1768 per
1324 1686 1429 1769 ipsum
1446 1706 1522 1749 con·

256 1787 331 1849 dam
356 1789 560 1852 Laczkonem
585 1788 735 1852 fratribus
766 1790 867 1852 sancti
892 1790 1051 1853 Francisci
1086 1790 1237 1873 legatam,
1262 1805 1297 1855 ut
1318 1792 1344 1854 si
1370 1793 1442 1874 quit
1466 1792 1521 1855 ha·

257 1895 348 1956 beret
369 1893 437 1975 jura
462 1915 557 1978 super
581 1896 705 1958 eadem.

362 2000 440 2062 Item
464 2001 699 2083 proclamatum
716 2015 764 2065 est
786 2002 888 2084 prima
907 2002 975 2065 vice
997 2022 1093 2085 super
1110 2004 1243 2065 domum
1262 2002 1400 2066 condam
1417 2004 1521 2067 Bene·

257 2105 333 2168 dicti
367 2105 481 2168 Hwala
513 2127 609 2189 super
640 2106 726 2169 civili
758 2107 914 2188 eiusdem,
946 2122 980 2170 ut
1009 2109 1034 2170 si
1067 2109 1139 2191 quis
1162 2108 1230 2190 jura
1264 2108 1396 2172 haberet
1426 2128 1522 2191 super

259 2213 372 2274 eadem
398 2212 429 2274 in
455 2213 540 2275 dicta
564 2214 703 2292 civitate,
728 2213 841 2275 eadem
865 2214 1031 2297 producat,
1049 2215 1195 2297 alioquin
1220 2228 1292 2298 post
1314 2215 1430 2277 trinam
1447 2234 1520 2297 pro-

256 2315 489 2380 clamacionem
514 2319 677 2381 dabuntur
700 2319 792 2382 litere
816 2319 955 2382 iohanni
981 2319 1048 2383 filio
1073 2321 1228 2384 eiusdem.
