3488 5272
663 358 750 416 Anno
775 370 863 434 1470.
890 392 930 401 —
953 374 984 436 4.
1008 361 1088 421 mari.
1442 358 1504 441 367

241 568 370 629 inventa
395 568 426 628 in
453 567 538 630 furtu
557 582 715 630 certarum
734 571 949 647 camisiarum,
966 571 1203 646 linteaminum,
1229 571 1505 652 manutergiorum

240 688 271 735 et
294 674 465 757 peplorum
490 676 704 756 quarumdam
731 676 866 737 duarum
893 676 1064 737 mulierum
1093 676 1132 737 de
1157 676 1239 739 ultra
1264 678 1394 739 Zawam
1418 697 1504 739 corn·

241 782 454 859 morandum,
478 801 540 862 que
566 782 753 843 vestimenta
780 783 846 863 ipsa
872 782 981 842 lelena
1006 782 1085 843 scire
1103 782 1234 844 dederat
1259 783 1317 864 ipsi
1344 783 1505 860 Emerico,

240 906 303 968 que
328 887 473 948 vendidit
498 907 570 948 cum
595 888 676 948 scitu
712 888 811 969 ipsius
836 888 973 949 Emerici
1000 889 1066 969 ipsa
1101 890 1301 967 vestimenta,
1333 889 1425 968 iurati
1450 890 1504 951 ad·

240 992 431 1071 judicarunt,
464 993 552 1074 quod
579 993 644 1074 ipse
677 994 783 1055 eidem
811 993 910 1054 Elene
945 992 1041 1055 debet
1073 995 1238 1056 abscidere
1263 1013 1360 1055 unam
1384 1013 1505 1071 aurern,

240 1113 271 1160 et
296 1099 361 1181 ipsa
387 1099 493 1160 eidem
520 1100 668 1161 Emerico
692 1100 840 1161 similiter
872 1100 1036 1161 abscidere
1062 1120 1158 1161 unam
1183 1120 1305 1178 aurem,
1330 1115 1360 1162 et
1384 1101 1502 1162 debent

239 1206 336 1266 ambo
361 1205 495 1286 turpiter
519 1205 634 1286 expelli
661 1206 700 1267 de
725 1206 885 1267 territorio
905 1206 988 1267 dicte
1007 1206 1143 1266 civitatis
1167 1220 1197 1267 et
1222 1226 1286 1266 non
1313 1206 1505 1286 intrateper

239 1312 379 1394 amplius
404 1312 599 1373 territorium
626 1312 709 1374 dicte
727 1313 873 1390 civitatis,
898 1313 952 1394 qui
978 1313 1003 1373 si
1028 1312 1163 1374 ulterius
1188 1314 1218 1373 in
1244 1314 1404 1375 territorio
1421 1314 1505 1374 dicte

239 1417 377 1478 civitatis
402 1419 516 1500 reperti
553 1416 681 1494 fuerint,
714 1419 800 1499 quod
827 1432 902 1480 tunc
926 1438 1042 1501 penam
1076 1439 1172 1500 quarn
1199 1420 1427 1481 demeruerunt
1451 1439 1504 1501 pa·

240 1525 385 1599 cientur;
410 1538 440 1586 et
464 1526 539 1605 quia
565 1525 603 1584 ad
630 1525 824 1606 peticionem
853 1525 1029 1586 multorum
1048 1524 1217 1586 hominum
1241 1526 1456 1606 spiritualium
1475 1540 1505 1587 et

241 1630 453 1711 plebanorum
472 1645 655 1692 nostrorum
674 1631 778 1692 eidem
805 1631 954 1692 Emerico
973 1630 1053 1693 facta
1079 1630 1149 1712 (est)
1168 1632 1398 1709 misericordia,
1416 1632 1504 1714 quod

241 1756 305 1797 non
330 1736 512 1799 abscidetur
535 1737 595 1798 sibi
630 1738 725 1815 auris,
759 1751 789 1798 et
814 1738 880 1816 ipse
915 1738 1019 1798 eidem
1046 1738 1147 1799 Elene
1181 1737 1310 1799 debebit
1342 1739 1504 1799 abscidere

240 1861 349 1903 autem
374 1856 405 1903 et
429 1842 510 1903 liber
535 1844 594 1904 erit
618 1843 649 1903 in
674 1843 835 1905 territorio
861 1842 960 1924 ipsius
985 1844 1121 1904 civitatis
1145 1863 1344 1926 permanere,
1369 1845 1424 1905 sed
1450 1865 1505 1926 per

239 1949 377 2029 amplius
408 1949 432 2008 si
459 1949 526 2031 ipse
561 1949 726 2010 Emericus
758 1949 958 2031 reperiretur,
991 1964 1106 2011 extunc
1138 1969 1254 2031 penam
1279 1950 1364 2030 juxta
1389 1965 1504 2012 statuta

242 2056 395 2135 pacietur.

346 2179 422 2239 ltem
447 2199 574 2241 causant
602 2180 683 2240 inter
708 2179 882 2241 Achacium
909 2194 938 2240 et
971 2180 1051 2241 inter
1076 2180 1231 2242 Mathiam
1255 2195 1408 2242 sartorem
1445 2201 1502 2262 ge·

240 2304 352 2345 nerum
378 2285 584 2367 Symwnych,
609 2285 736 2346 racione
757 2286 972 2366 quorumdam
998 2286 1136 2347 duorum
1161 2288 1281 2348 bovum
1306 2306 1364 2368 pro
1390 2286 1499 2348 debito

239 2392 475 2472 campanatoris
507 2392 631 2452 domini
664 2392 808 2452 Barnabe
841 2392 989 2472 plebani,
1015 2392 1106 2472 jurati
1139 2392 1381 2473 adjudicarunt,
1414 2393 1502 2474 quod

240 2497 306 2579 ipse
347 2497 452 2558 Achae
485 2497 588 2578 jurare
627 2512 752 2559 tenetur
792 2498 946 2560 solusmet
982 2498 1013 2558 in
1045 2519 1097 2559 ara
1133 2513 1240 2560 sancte
1273 2499 1388 2561 Crucis
1423 2499 1500 2561 feria

239 2618 323 2665 sexta
349 2605 492 2684 proxime
527 2617 671 2680 ventura,
696 2618 851 2685 quantum
886 2605 1054 2666 valuerunt
1087 2606 1144 2687 ipsi
1178 2608 1287 2682 boves,
1311 2605 1398 2688 quod
1423 2620 1498 2667 tunc

242 2709 307 2790 ipse
326 2710 462 2770 Mathias
486 2724 611 2770 tenetur
628 2711 752 2771 solvere
777 2711 862 2791 ipsos
887 2713 994 2788 boves,
1015 2727 1045 2772 et
1062 2726 1268 2793 campanator
1294 2712 1400 2786 iuvare
1419 2713 1502 2794 ipsas

239 2816 350 2876 decern
376 2836 489 2897 pensas
515 2816 572 2897 ipsi
600 2816 718 2876 Mathie
744 2817 885 2891 solrere;
919 2818 958 2878 de
983 2837 1048 2899 quo
1073 2818 1192 2895 judicio
1224 2817 1399 2894 juratorum
1434 2819 1499 2899 ipse

240 2921 377 2982 Mathias
412 2942 474 2983 non
515 2936 701 2999 contentus,
740 2924 875 2984 eandem
911 2945 1038 2985 causam
1075 2924 1249 3005 appellavit
1291 2924 1330 2984 ad
1362 2926 1504 2985 seniores

239 3025 373 3107 judices.

348 3152 423 3213 ltcm
450 3172 541 3212 causa
570 3152 650 3212 inter
675 3152 874 3213 Anthonium
901 3152 1024 3213 labrum
1052 3168 1081 3214 et
1106 3153 1269 3214 Thomam
1297 3154 1426 3215 Bondas
1457 3174 1502 3213 ra·

241 3259 332 3320 cione
358 3259 595 3320 verberationis
620 3259 762 3319 eiusdem
789 3258 942 3319 Anthonii
969 3274 1015 3320 est
1033 3273 1201 3340 prorogata
1226 3259 1265 3319 ad
1291 3261 1429 3340 primum
1457 3258 1502 3337 iu·

240 3364 358 3425 dicium
386 3378 417 3426 et
441 3364 560 3425 debent
584 3364 760 3445 producere
786 3378 890 3425 testes.

346 3489 423 3550 Item
460 3490 491 3548 in
527 3508 620 3549 causa
654 3488 846 3569 suspicionis
880 3508 936 3570 pet
969 3488 1122 3550 blathiam
1154 3504 1306 3549 sartorem
1339 3489 1502 3566 claudum,

240 3614 336 3676 quarn
362 3596 428 3677 ipse
455 3594 590 3655 Mathias
614 3609 715 3654 sartor
747 3608 856 3655 contra
891 3593 1049 3676 prefatum
1078 3595 1230 3655 Mathiam
1263 3614 1417 3673 generum
1444 3594 1502 3676 Sy·

240 3700 389 3783 mstnych
422 3715 565 3784 pretextu
598 3702 828 3762 subtraccionis
862 3701 1028 3761 cuiusdam
1062 3703 1153 3762 bovis
1186 3722 1240 3782 per
1272 3701 1373 3762 lilium
1399 3701 1503 3762 fratris

240 3809 338 3890 ipsius
364 3807 493 3883 Mathie,
521 3808 613 3883 jurati
639 3808 873 3885 adjudicarunt,
898 3807 986 3889 quod
1010 3809 1075 3889 ipse
1095 3808 1232 3869 Mathias
1255 3828 1354 3887 gener
1379 3810 1501 3890 Syma·-

240 3915 321 3995 nyclt
348 3928 475 3976 tenetur
491 3914 595 3993 jurare
613 3915 797 3976 terciusmet
822 3915 852 3974 in
878 3934 931 3974 ara
956 3929 1063 3975 sancte
1082 3913 1205 3990 Crucis,
1223 3913 1310 3994 quod
1337 3914 1402 3995 ipse
1421 3913 1504 3974 lilius

240 4019 343 4081 fratris
369 4021 468 4102 ipsius
494 4020 612 4081 Mathie
639 4040 696 4080 nec
714 4040 786 4081 cum
803 4020 883 4081 scitu
910 4039 967 4080 nec
992 4040 1064 4080 curn
1084 4020 1247 4081 voluntate
1267 4021 1365 4100 ipsius
1384 4020 1502 4081 Mathie

239 4128 393 4188 subtraxit
419 4127 522 4207 ipsum
552 4128 679 4187 bovem.

346 4252 422 4313 ltem
448 4271 575 4312 causam
602 4252 683 4312 inter
710 4252 827 4311 Lucam
853 4266 1005 4325 sutorem,
1029 4250 1187 4310 seniorem
1218 4249 1354 4326 juratum
1392 4264 1421 4310 et
1447 4250 1501 4309 Ni·

239 4359 366 4420 colaum
395 4357 532 4434 fabrum,
565 4359 693 4418 racione
726 4357 929 4438 depascionis
959 4371 1099 4415 satorum
1135 4356 1233 4435 ipsius
1267 4355 1403 4430 Nicolai,
1436 4355 1503 4436 ipse

238 4466 392 4527 Nicolaus
423 4464 539 4543 jurabit
572 4464 686 4525 eodem
721 4464 783 4537 die,
816 4463 904 4543 quod
938 4463 1004 4542 ipse
1038 4461 1191 4521 Nicolaus
1224 4476 1385 4541 repererat
1417 4461 1503 4542 ipsos

238 4574 338 4633 boves
372 4572 470 4653 ipsius
504 4572 587 4631 Luce
613 4571 644 4630 in
677 4589 735 4630 suo
772 4570 934 4650 dampno;
968 4583 997 4628 et
1022 4567 1099 4627 dum
1132 4567 1258 4644 iurabit,
1290 4582 1406 4628 extunc
1432 4567 1499 4648 ipse

239 4678 342 4739 Lucas
364 4677 526 4738 tenebitur
549 4676 673 4737 solvere
691 4676 830 4756 dampna
857 4674 914 4755 ipsi
941 4673 1086 4749 Nicolao,
1112 4674 1224 4754 etipse
1245 4674 1345 4733 Lucas
1367 4692 1504 4754 querere

237 4784 343 4845 socios
365 4802 424 4865 pro
447 4801 506 4844 suo
531 4782 688 4864 dampno.
