3488 5272
238 504 356 565 civium
381 503 421 564 de
447 503 653 583 Raltaspurga
678 499 793 563 factam
819 501 850 560 in
875 520 925 578 eo,
951 515 985 562 ut
1013 501 1080 582 ipse
1105 497 1259 582 prefatam
1286 501 1418 561 domum
1439 519 1502 561 una

238 631 311 673 cutn
336 610 466 692 (h)0rto,
490 609 594 670 vineis
618 624 648 670 et
672 608 761 669 silvis
785 627 842 690 pro
867 608 1030 689 premissis
1054 608 1216 688 sexaginta
1241 624 1314 669 octo
1340 607 1408 670 lior.
1433 607 1502 669 auri

237 737 295 799 pro
320 717 438 797 quibus
462 716 598 777 eandem
622 730 652 777 et
675 714 803 776 easdem
825 711 948 796 prelato
966 713 1133 774 Anthonio
1158 713 1256 794 judici
1282 713 1428 774 vendidit
1445 732 1503 794 pro

236 845 269 885 se
295 824 370 906 ipsis
401 823 556 885 redimere
581 821 760 897 debuisset;
784 834 891 882 tamen
924 821 998 902 quia
1023 820 1166 881 annotati
1192 820 1441 882 Bartholomeus
1473 833 1504 880 et

238 931 377 992 Barbara
402 949 533 991 consors
557 929 701 990 eiusdem
734 928 774 988 ad
807 928 932 989 nullum
957 928 1101 1009 ipsorum
1132 926 1258 988 dierum
1291 927 1502 1007 juridicorum

237 1052 268 1098 et
291 1036 503 1099 terminorum
537 1035 636 1096 nostri
662 1036 692 1096 in
727 1035 925 1116 presenciam
957 1033 1067 1095 venire
1101 1052 1159 1094 nec
1195 1034 1331 1111 mittere,
1363 1032 1419 1093 sed
1445 1051 1504 1093 nec

238 1143 372 1204 eandem
398 1143 531 1204 domum
559 1161 616 1224 pro
635 1141 796 1223 premissis
813 1141 974 1221 sexaginta
996 1155 1068 1201 octo
1085 1138 1154 1202 flor.
1180 1140 1247 1200 auri
1273 1139 1430 1200 redimere
1448 1157 1503 1199 vo·

237 1250 381 1329 luissent,
407 1250 480 1311 ideo
506 1268 564 1310 nos
590 1249 648 1330 ipsi
674 1248 840 1309 Anthonio
865 1246 962 1327 judici
981 1246 1066 1326 juxta
1095 1247 1359 1307 consuetudinem
1385 1259 1416 1306 et
1440 1245 1502 1327 pri·

238 1356 422 1437 vilegiatam
447 1356 626 1417 libertatem
651 1355 734 1416 dicte
759 1354 895 1415 civitatis
919 1372 1015 1434 super
1040 1353 1161 1414 eisdem
1186 1352 1348 1429 domibus,
1381 1351 1501 1432 (h)0rto

238 1462 339 1523 vineis
363 1476 395 1524 et
418 1462 507 1522 silvis
531 1461 638 1522 literas
662 1475 785 1521 nostras
809 1460 959 1521 duximus
983 1459 1217 1521 concedendas.

344 1569 421 1630 ltem
447 1587 574 1630 causam
600 1568 681 1628 inter
706 1567 904 1648 Stephanum
939 1566 1090 1627 Plathnar
1122 1581 1152 1627 et
1177 1565 1342 1626 Thomam
1368 1564 1502 1626 Cheden

238 1676 382 1737 seniores
406 1675 535 1755 juratos,
570 1673 698 1735 racione
731 1672 898 1733 cuiusdam
931 1672 1165 1753 prohibitionis
1197 1672 1363 1733 cuiusdam
1396 1670 1503 1752 (h)0rti

239 1802 334 1863 supra
367 1781 518 1842 balneum
552 1779 584 1839 in
616 1779 776 1841 territorio
810 1779 946 1839 civitatis
978 1778 1089 1856 habiti,
1119 1798 1217 1860 quern
1249 1778 1403 1860 (h)0rtum
1438 1778 1503 1859 ipse

239 1888 385 1948 Thomas
409 1886 543 1948 Cheden
575 1905 668 1946 suum
702 1884 769 1946 lore
802 1899 831 1945 ct
864 1899 1035 1947 matertere
1060 1906 1116 1946 sue
1147 1885 1329 1966 allegasset,
1353 1899 1384 1945 et
1408 1903 1504 1965 super

239 1994 343 2076 ipsum
377 1993 576 2076 Stephanum
610 1991 761 2053 Plathnar
793 1993 975 2073 potenciam
1013 1994 1233 2074 proponebat,
1266 2008 1296 2054 et
1329 1991 1404 2072 quia
1437 1992 1504 2072 ipse

240 2099 385 2181 (h)0rtus,
410 2118 507 2180 quem
534 2100 600 2181 ipse
626 2097 772 2158 Thomas
802 2116 894 2158 suurn
928 2095 996 2159 fore
1031 2100 1201 2176 asserebat,
1226 2118 1290 2160 non
1317 2113 1398 2159 esset
1429 2116 1505 2158 suus

239 2206 294 2267 sed
318 2205 459 2284 alterius,
485 2205 557 2267 ideo
583 2205 772 2266 invenerant
796 2204 854 2286 ipsi
881 2204 973 2283 jurati
1001 2205 1100 2287 ipsam
1127 2205 1309 2287 potenciam
1335 2223 1431 2285 quarn
1457 2202 1503 2263 di-

239 2314 331 2374 cebat
354 2326 464 2373 contra
489 2312 593 2394 ipsum
628 2310 825 2392 Stephanum
860 2311 890 2371 in
924 2311 1035 2373 decem
1059 2313 1174 2374 marcis
1207 2312 1432 2386 denariorum;
1465 2311 1504 2371 de

241 2438 306 2500 quo
324 2417 445 2499 judicio
463 2418 528 2500 ipsc
547 2418 692 2479 Thomas
706 2436 770 2477 non
788 2431 958 2479 contentus
970 2419 1145 2500 appellavit
1157 2419 1196 2480 ad
1214 2419 1357 2479 seniores
1370 2416 1502 2496 judices.

240 2651 337 2727 Feria
366 2662 491 2746 quarta
525 2653 677 2743 proxima
706 2663 784 2726 ante
812 2655 936 2729 festum
972 2657 1148 2727 beatorum
1176 2653 1313 2727 Fabiani
1344 2663 1376 2727 et
1406 2655 1506 2726 Seba-

711 2783 815 2849 stiani
844 2779 1034 2851 martirum.

746 2936 809 3009 (19.
825 2933 993 3008 januarii).

347 3072 423 3133 ltem
449 3073 591 3134 seniores
616 3073 737 3153 judices
762 3094 889 3135 causam
916 3075 997 3136 inter
1023 3075 1232 3136 benedictum
1257 3072 1455 3134 aurifabrum
1475 3084 1505 3131 et

240 3177 447 3240 Valentinum
475 3180 643 3262 Marysych
668 3180 801 3258 dictum,
834 3200 890 3261 per
922 3180 1042 3260 juratos
1066 3182 1291 3262 adjudicatam,
1317 3179 1404 3260 quod
1438 3179 1504 3258 ipse

242 3287 272 3346 in
300 3286 420 3366 judicio
451 3287 582 3367 quando
615 3288 717 3348 voluit
737 3288 818 3348 sedit
860 3289 990 3368 quando
1028 3289 1130 3348 voluit
1163 3288 1297 3348 surrexit
1327 3287 1394 3345 sine
1428 3304 1503 3344 con-

240 3411 334 3452 sensu
360 3391 473 3471 judicis
498 3409 528 3454 et
553 3392 741 3472 juratorum,
766 3395 854 3475 quod
880 3408 945 3455 erat
963 3395 1128 3454 convictus
1149 3409 1259 3455 contra
1286 3392 1423 3453 eundem
1445 3390 1505 3450 Va·

240 3499 398 3560 lentinum
424 3499 455 3558 io
474 3499 599 3559 duabus
623 3501 747 3578 marcis,
766 3500 823 3580 ipsi
847 3501 989 3560 seniores
1019 3502 1209 3562 invenerunt
1235 3499 1323 3580 quod
1342 3497 1509 3558 convictus

242 3619 288 3665 est
312 3605 343 3664 in
368 3604 469 3665 tribus
487 3607 592 3686 pensis
617 3607 822 3667 denariorum
848 3621 878 3667 et
896 3607 1050 3687 judicium
1076 3607 1163 3687 quod
1189 3607 1283 3666 habet
1301 3625 1372 3666 curn
1391 3603 1507 3664 eodem

241 3711 415 3772 Valentino
440 3711 532 3789 jurati
559 3713 666 3774 eidem
693 3712 794 3774 lacere
820 3714 939 3774 debent
964 3729 994 3775 et
1018 3714 1211 3792 adjudicare.

349 3817 427 3879 ltem
452 3838 578 3879 causam
614 3819 694 3880 inter
718 3820 862 3881 relictam
895 3820 1032 3882 condam
1067 3821 1242 3881 Ztankonis
1274 3819 1353 3880 labri
1379 3833 1409 3878 ct
1435 3818 1508 3877 Cle·

241 3938 381 3984 mentem
406 3922 530 3986 labrum
558 3925 685 3985 racione
704 3927 820 3986 domus
838 3926 937 4008 ipsius
961 3927 1097 3987 condam
1119 3926 1304 4002 Ztankonis,
1329 3945 1384 4007 per
1406 3925 1508 4004 ipsam

240 4031 280 4092 ad
304 4031 448 4092 seniores
472 4032 592 4110 judices
616 4032 809 4113 appellatam
836 4048 865 4093 et
890 4053 945 4115 per
970 4034 1088 4110 juratos
1105 4033 1330 4112 adjudicatam,
1356 4031 1498 4091 seniores

242 4137 366 4218 judices
390 4136 496 4197 taliter
519 4137 755 4217 adjudicarunt,
780 4139 867 4218 quod
898 4140 975 4201 dum
1009 4141 1074 4222 ipse
1100 4141 1253 4203 Clemens
1279 4139 1366 4200 faber
1392 4140 1507 4199 vende·

242 4263 306 4325 que
331 4243 397 4326 ipse
423 4245 560 4305 condam
586 4245 710 4306 Ztanko
729 4245 912 4307 venditioni
931 4249 1102 4324 commisit,
1129 4248 1277 4307 videlicet
1302 4246 1508 4306 medietatem

243 4351 371 4429 domus,
397 4351 476 4412 etsi
503 4351 569 4433 ipse
595 4351 748 4413 Clemens
786 4351 872 4412 faber
906 4353 1012 4415 debita
1038 4355 1136 4435 ipsius
1171 4354 1306 4414 condam
1335 4354 1510 4413 Ztankonis

243 4454 323 4518 labri
350 4477 421 4518 cum
447 4458 619 4519 medietate
646 4459 745 4540 ipsius
768 4458 885 4518 domus
913 4460 1077 4522 exsolvere
1103 4480 1166 4521 non
1192 4474 1309 4541 posset,
1334 4475 1362 4520 et
1388 4459 1508 4540 prelata

244 4564 352 4624 relicta
379 4563 477 4644 ipsius
502 4564 678 4624 Ztankonis
707 4563 785 4625 fabri
812 4563 893 4624 ultra
920 4566 1020 4647 ipsam
1040 4566 1244 4627 medietatem
1271 4566 1369 4646 ipsius
1393 4566 1509 4626 domus

241 4669 349 4749 aliqua
372 4669 480 4730 debita
505 4690 578 4731 cum
604 4671 742 4753 propriis
775 4671 938 4752 peccuniis
970 4673 1123 4750 exsolvet,
1147 4672 1235 4753 quod
1259 4686 1335 4732 tunc
1360 4673 1425 4752 ipsa
1459 4692 1508 4733 re-

239 4775 313 4838 licta
337 4775 440 4837 libera
465 4777 525 4838 erit
548 4796 621 4839 cum
647 4777 711 4839 illis
733 4777 900 4861 peccuniis
932 4798 1012 4860 quas
1035 4798 1131 4861 super
1155 4778 1221 4861 ipsa
1246 4777 1308 4840 alia
1332 4777 1503 4840 medietate
