3488 5272
603 321 689 378 Anno
713 315 803 396 1478.
834 353 873 363 -
897 333 950 380 20.
974 319 1141 379 novembris.

240 532 345 592 baricz
370 531 543 612 quemdam
568 533 683 592 bovem
718 527 880 591 infirmum
904 543 934 590 et
965 527 1087 591 fatuum
1113 549 1184 591 cum
1217 549 1281 591 una
1305 550 1399 591 vacca
1424 550 1501 591 sana

239 638 271 698 in
295 636 394 698 fluvio
420 636 652 698 Meducdnicza
671 635 819 696 mactavit
836 651 867 697 et
884 636 1049 698 miscendo
1067 656 1176 697 carnes
1195 636 1324 697 insimul
1343 636 1500 698 vendidit.

344 744 430 805 Idem
466 744 596 828 Mykula
628 740 728 804 fassus
750 756 796 803 est
827 762 865 803 eo
899 744 1009 817 mod0,
1041 742 1128 824 quod
1161 743 1303 823 quodam
1339 743 1390 804 die
1416 742 1502 803 idern

240 850 370 933 Mylxula
385 869 484 910 unum
501 852 616 910 bovem
631 848 670 909 ad
685 848 889 909 mactandum
905 849 1051 926 ducebat,
1064 862 1140 910 tunc
1150 847 1244 928 judex
1259 849 1333 909 anni
1348 849 1503 930 presentis

240 963 270 1017 in
297 972 386 1038 porta
414 957 554 1037 Lapidea
580 955 684 1016 eidem
717 955 889 1031 obviasset,
913 956 963 1015 cui
988 955 1083 1036 judex
1116 955 1258 1036 precepit
1282 968 1312 1016 et
1336 954 1503 1016 interdixit

240 1082 279 1123 ne
306 1063 409 1143 ipsum
436 1065 551 1123 bovem
577 1075 762 1137 mactarent,
788 1076 818 1121 et
843 1081 985 1123 reversus
1017 1076 1062 1122 est
1087 1080 1158 1122 cum
1185 1062 1266 1123 bove
1290 1060 1329 1120 ad
1354 1060 1501 1138 domurn,

240 1184 269 1230 et
295 1171 368 1250 quia
395 1172 452 1230 bos
477 1168 621 1230 infirmus
645 1167 704 1228 fuit
728 1182 759 1229 et
783 1168 921 1230 eundem
955 1169 1021 1250 ipse
1048 1169 1149 1229 Lucas
1174 1167 1205 1228 in
1231 1167 1329 1228 domo
1354 1166 1498 1228 Zalaricz

240 1275 390 1336 mactavit
414 1289 444 1334 et
469 1275 499 1335 in
526 1275 680 1335 maccello
705 1273 859 1335 vendidit.

348 1381 432 1441 ldem
460 1379 559 1442 fassus
584 1395 640 1456 est,
665 1379 752 1460 quod
778 1380 843 1461 ipsc
871 1380 972 1440 Lucas
997 1379 1144 1440 Ribaricz
1169 1380 1325 1461 quosdam
1352 1379 1433 1441 duos
1456 1378 1502 1440 vi-

240 1487 325 1546 tulos
349 1506 423 1546 suos
448 1485 591 1546 infirmos
616 1486 766 1546 mactavit
791 1499 822 1545 et
845 1484 990 1546 vendidit
1015 1485 1045 1544 in
1072 1486 1237 1546 marcello.

346 1592 431 1652 ldem
459 1593 588 1676 Mykula
628 1590 726 1652 fassus
750 1605 797 1652 est
822 1592 909 1672 quod
936 1591 1002 1672 ipse
1029 1592 1130 1652 Lucas
1155 1592 1302 1652 Ribaricz
1327 1591 1502 1672 quamdam

240 1697 398 1758 infirmam
431 1717 557 1759 vaccam
592 1718 654 1758 non
688 1698 823 1779 pilosam
858 1697 889 1758 in
921 1696 1020 1758 fluvio
1053 1697 1212 1774 mactavit,
1244 1717 1340 1778 quam
1372 1715 1501 1759 vaccam

241 1824 334 1865 mane
367 1819 587 1866 mactaverunt
620 1804 693 1884 quia
724 1824 779 1884 per
812 1804 1001 1884 porticulam
1036 1804 1197 1864 exiverant
1221 1803 1259 1864 ad
1286 1803 1503 1880 mactandum,

241 1925 270 1971 et
296 1910 425 1990 quando
453 1911 536 1971 idem
557 1911 688 1992 Mykula
715 1910 891 1970 destinatus
907 1906 966 1970 fait
991 1910 1029 1969 ad
1055 1910 1228 1989 portandas
1245 1928 1354 1970 carnes
1371 1908 1502 1989 quando

240 2015 301 2095 jam
330 2032 418 2096 porta
445 2017 586 2096 Lapidea
612 2030 676 2076 crat
705 2031 823 2097 aperta,
849 2031 924 2076 tunc
957 2016 1018 2095 jam
1045 2016 1075 2075 in
1109 2029 1198 2095 porta
1227 2014 1365 2097 Lapidea
1391 2015 1502 2076 obvia·

242 2137 354 2184 verunt
378 2123 432 2203 qui
459 2143 568 2184 carnes
592 2125 771 2204 portabant.

346 2229 385 2290 Et
409 2229 483 2308 quia
510 2229 565 2288 iste
590 2227 749 2309 sepefatus
775 2229 905 2309 Mykula
939 2228 1085 2288 detentus
1118 2226 1177 2289 fuit
1209 2247 1301 2289 causa
1326 2226 1502 2288 testimonii

243 2353 281 2394 eo
311 2349 453 2416 tempore
490 2335 620 2415 quando
653 2334 811 2414 Georgius
844 2334 984 2394 Zalariez
1020 2348 1105 2394 extra
1137 2333 1330 2394 territorium
1363 2332 1501 2395 civitatis

242 2460 298 2520 pro
323 2441 387 2500 suis
413 2440 577 2500 maleficiis
602 2440 750 2521 expulsus
775 2455 805 2500 et
830 2441 994 2500 baculatus
1012 2439 1080 2515 fuit,
1106 2440 1298 2518 judicialiter
1322 2439 1499 2517 convictus,

241 2561 271 2606 et
295 2546 371 2605 dum
406 2547 470 2625 ipsc
497 2546 656 2626 Georgius
689 2547 829 2606 Zalaricz
861 2560 946 2606 trans
978 2545 1110 2606 fluvium
1146 2545 1386 2626 Meduednyczn
1416 2559 1502 2606 extra

242 2666 341 2712 metas
365 2652 500 2712 civitatis
519 2653 723 2733 pervenisset,
742 2667 818 2712 tunc
835 2653 914 2712 dixit
930 2653 1058 2732 publice
1076 2652 1115 2711 ad
1133 2650 1295 2711 Thomam
1321 2649 1502 2713 carnificem

241 2760 327 2838 quod
355 2775 384 2819 et
411 2760 512 2818 Lucas
538 2759 683 2818 llibaricz
708 2759 798 2840 plura
825 2761 899 2819 talia
926 2758 1048 2818 fecisset
1074 2778 1168 2838 quam
1196 2773 1225 2818 et
1251 2758 1316 2839 ipse
1349 2758 1501 2819 Zalaricz.

349 2865 424 2924 ltem
452 2865 596 2924 'l'homas
621 2865 758 2924 carnifex
785 2865 885 2925 fassus
909 2880 955 2927 est
980 2885 1018 2924 eo
1044 2865 1152 2940 modo,
1178 2865 1344 2945 quomodo
1370 2865 1501 2946 quidam

243 2974 299 3031 bos
327 2973 409 3030 Luce
437 2972 583 3032 llibaricz
617 2973 791 3032 ducebatur
824 2993 879 3053 per
913 2972 1077 3052 Myliulam
1112 2971 1301 3031 familiarem
1338 2972 1422 3031 Luce
1448 2971 1502 3031 Ri-

243 3079 346 3137 baricz
373 3093 456 3137 extra
483 3079 521 3136 ad
548 3079 680 3137 fluvium
710 3079 947 3160 lleduednycza
982 3079 1020 3136 ad
1047 3077 1263 3151 mactandum,
1297 3077 1400 3158 ipsum
1426 3096 1501 3137 vero

244 3184 371 3265 llylrula
392 3185 549 3243 obviasset
568 3184 740 3243 modernus
766 3185 858 3261 judex
877 3199 906 3244 et
924 3185 1054 3243 dixisset
1078 3184 1135 3242 sibi
1156 3184 1270 3243 reverti
1296 3202 1367 3243 cum
1386 3182 1501 3243 eodem

243 3290 324 3348 bove
351 3289 487 3364 intirm0,
520 3304 550 3349 et
583 3291 647 3369 ipse
683 3291 811 3371 Myltula
846 3309 989 3350 reversus
1023 3288 1081 3349 fuit
1113 3307 1184 3349 cum
1220 3290 1301 3349 bove
1334 3303 1365 3349 et
1398 3289 1502 3369 ipsum

243 3397 357 3454 bovem
384 3396 423 3453 ad
450 3396 637 3455 maccellum
664 3397 813 3469 duxisset,
847 3410 876 3455 et
902 3397 1003 3474 ipsum
1039 3395 1122 3453 idem
1152 3397 1251 3454 Lucas
1277 3395 1422 3455 Ribaricz
1448 3415 1504 3476 per

244 3521 341 3562 unum
370 3502 453 3560 diem
481 3518 510 3561 et
536 3523 590 3582 per
617 3523 711 3561 unam
745 3519 870 3562 noctem
904 3503 1062 3561 reclusum
1097 3503 1248 3561 tenuisset
1274 3516 1303 3562 et
1328 3503 1371 3562 sic
1397 3502 1501 3582 ipsum

245 3611 357 3668 bovem
386 3608 450 3685 ipse
478 3609 577 3667 lucas
604 3609 749 3668 llibaricz
775 3610 805 3667 in
832 3608 929 3667 domo
956 3606 1086 3685 Georgii
1114 3609 1254 3667 Zalaricz
1281 3608 1440 3668 mactavit.

350 3712 434 3773 ldcni
465 3714 608 3773 'l'ltomas
635 3713 733 3773 fassus
758 3729 814 3788 est,
839 3715 925 3792 quod
953 3715 1035 3772 idem
1066 3714 1165 3773 lucas
1192 3714 1338 3773 llibaricz
1363 3714 1502 3793 quadam

245 3821 320 3882 feria
347 3819 456 3900 quinta
482 3835 552 3899 post
586 3819 699 3879 festum
734 3821 815 3879 beriti
851 3820 1014 3879 Michaelis
1039 3821 1219 3899 archangeli
1255 3821 1428 3899 quamdam
1454 3821 1502 3880 in·

246 3928 367 3987 firmam
404 3946 529 3988 vaccam
564 3928 712 3987 mactavit
746 3943 775 3988 et
808 3947 861 4007 per
896 3927 1072 3985 Fabianum
1108 3927 1253 4007 Sipclricz
1284 3929 1314 3986 in
1349 3928 1502 3988 marcello

245 4055 354 4095 carnes
381 4036 473 4094 veruli
500 4031 633 4094 fecisset.

352 4141 426 4200 ltern
454 4142 537 4200 idem
564 4138 722 4218 Georgius
748 4140 888 4199 Zalaricz
912 4140 1010 4200 fassus
1036 4155 1079 4199 est
1106 4160 1143 4200 eo
1169 4142 1278 4216 modo,
1303 4140 1389 4220 quod
1416 4142 1500 4201 idem

248 4248 348 4306 lucas
374 4247 519 4305 lutaricz
546 4245 715 4325 quamdam
743 4264 869 4305 vaccam
894 4246 1049 4306 infirmam
1076 4261 1105 4305 et
1131 4247 1268 4305 inflatam
1296 4248 1445 4307 mactavit
1470 4247 1500 4307 in

246 4353 348 4413 noctis
373 4353 505 4412 silencio
531 4367 563 4411 ut
589 4353 695 4411 nullus
720 4371 755 4411 ex
781 4351 904 4411 civibus
929 4354 1028 4412 scivit.

351 4459 427 4518 ltcm
454 4459 673 4518 testimonium
699 4456 783 4519 Galli
811 4457 955 4516 moderni
984 4457 1073 4531 jurati
1101 4454 1298 4539 infrascripti.

352 4565 427 4624 ltem
455 4566 564 4624 l’etrus
592 4564 762 4624 Zrinsclialt
798 4563 875 4624 alias
901 4564 1024 4623 villicus
1048 4584 1105 4644 pro
1137 4563 1190 4622 tali
1217 4580 1359 4646 tempore
1385 4565 1500 4625 consti·

246 4688 330 4732 tanus
356 4672 393 4731 cle
422 4672 584 4730 liralen'cz
603 4671 721 4746 iuratus
745 4668 845 4731 fassus
870 4683 914 4729 cst
940 4688 977 4728 eo
996 4669 1104 4741 modo,
1129 4669 1214 4745 quod
1231 4672 1367 4748 quedam
1387 4671 1501 4731 mulier

247 4777 361 4838 fecerat
387 4798 444 4859 pro
470 4776 565 4838 Gallo
590 4778 693 4857 jurato
718 4777 853 4837 civitatis
878 4774 996 4836 furtum
1031 4776 1061 4835 in
1087 4773 1188 4834 tribus
1213 4777 1385 4856 manipulis
1409 4775 1501 4852 milii,
