<?xml version="1.0" encoding="UTF-8"?>
<!DOCTYPE html PUBLIC "-//W3C//DTD XHTML 1.0 Transitional//EN"
    "http://www.w3.org/TR/xhtml1/DTD/xhtml1-transitional.dtd">
<html xmlns="http://www.w3.org/1999/xhtml" xml:lang="en" lang="en">
 <head>
  <title>
</title>
<meta http-equiv="Content-Type" content="text/html;charset=utf-8" />
  <meta name='ocr-system' content='tesseract 3.04.00' />
  <meta name='ocr-capabilities' content='ocr_page ocr_carea ocr_par ocr_line ocrx_word'/>
</head>
<body>
  <div class='ocr_page' id='page_1' title='image "./monumentahistor07laszgoog_0348.png"; bbox 0 0 3488 5272; ppageno 0'>
   <div class='ocr_carea' id='block_1_1' title="bbox 238 319 1515 4540">
    <p class='ocr_par' dir='ltr' id='par_1_1' title="bbox 239 319 1515 1465">
     <span class='ocr_line' id='line_1_1' title="bbox 242 319 1145 399; baseline 0.002 -20"><span class='ocrx_word' id='word_1_1' title='bbox 242 319 307 399; x_wconf 89' lang='lat'>284</span> <span class='ocrx_word' id='word_1_2' title='bbox 608 322 695 379; x_wconf 84' lang='lat' dir='ltr'>Anno</span> <span class='ocrx_word' id='word_1_3' title='bbox 716 322 808 398; x_wconf 71' lang='lat'><em>1465.</em></span> <span class='ocrx_word' id='word_1_4' title='bbox 835 355 875 363; x_wconf 85' lang='lat'>—-</span> <span class='ocrx_word' id='word_1_5' title='bbox 899 336 952 397; x_wconf 54' lang='lat'>290</span> <span class='ocrx_word' id='word_1_6' title='bbox 976 321 1145 381; x_wconf 76' lang='lat' dir='ltr'><em>novembris.</em></span> 
     </span>
     <span class='ocr_line' id='line_1_2' title="bbox 240 532 1514 617; baseline 0 -22"><span class='ocrx_word' id='word_1_7' title='bbox 240 534 415 613; x_wconf 89' lang='lat' dir='ltr'>illatorum,</span> <span class='ocrx_word' id='word_1_8' title='bbox 432 532 579 616; x_wconf 89' lang='lat' dir='ltr'>superius</span> <span class='ocrx_word' id='word_1_9' title='bbox 603 535 634 594; x_wconf 91' lang='lat' dir='ltr'>in</span> <span class='ocrx_word' id='word_1_10' title='bbox 653 532 770 595; x_wconf 89' lang='lat' dir='ltr'>eodem</span> <span class='ocrx_word' id='word_1_11' title='bbox 794 532 946 595; x_wconf 87' lang='lat' dir='ltr'>catherno</span> <span class='ocrx_word' id='word_1_12' title='bbox 964 533 1217 612; x_wconf 87' lang='lat' dir='ltr'>nominatorum,</span> <span class='ocrx_word' id='word_1_13' title='bbox 1238 532 1325 613; x_wconf 84' lang='lat' dir='ltr'>juxta</span> <span class='ocrx_word' id='word_1_14' title='bbox 1348 534 1514 617; x_wconf 82' lang='lat' dir='ltr'>composi·</span> 
     </span>
     <span class='ocr_line' id='line_1_3' title="bbox 240 638 1515 722; baseline 0.001 -22"><span class='ocrx_word' id='word_1_15' title='bbox 240 641 365 701; x_wconf 88' lang='lat' dir='ltr'>cionem</span> <span class='ocrx_word' id='word_1_16' title='bbox 392 653 422 701; x_wconf 90' lang='lat' dir='ltr'>et</span> <span class='ocrx_word' id='word_1_17' title='bbox 444 641 688 702; x_wconf 83' lang='lat' dir='ltr'>ordinacionem</span> <span class='ocrx_word' id='word_1_18' title='bbox 720 640 897 721; x_wconf 90' lang='lat' dir='ltr'>proborum</span> <span class='ocrx_word' id='word_1_19' title='bbox 932 640 1074 701; x_wconf 90' lang='lat' dir='ltr'>virorum</span> <span class='ocrx_word' id='word_1_20' title='bbox 1107 639 1212 702; x_wconf 88' lang='lat' dir='ltr'>taliter</span> <span class='ocrx_word' id='word_1_21' title='bbox 1244 638 1374 702; x_wconf 85' lang='lat' dir='ltr'>easdem</span> <span class='ocrx_word' id='word_1_22' title='bbox 1404 654 1515 722; x_wconf 85' lang='lat' dir='ltr'>partes</span> 
     </span>
     <span class='ocr_line' id='line_1_4' title="bbox 241 744 1514 827; baseline 0 -20"><span class='ocrx_word' id='word_1_23' title='bbox 241 746 489 807; x_wconf 83' lang='lat' dir='ltr'>concordassent</span> <span class='ocrx_word' id='word_1_24' title='bbox 523 760 553 807; x_wconf 91' lang='lat' dir='ltr'>et</span> <span class='ocrx_word' id='word_1_25' title='bbox 585 744 704 807; x_wconf 80' lang='lat' dir='ltr'>sactum</span> <span class='ocrx_word' id='word_1_26' title='bbox 738 747 819 806; x_wconf 90' lang='lat' dir='ltr'>inter</span> <span class='ocrx_word' id='word_1_27' title='bbox 843 746 930 827; x_wconf 88' lang='lat' dir='ltr'>ipsos</span> <span class='ocrx_word' id='word_1_28' title='bbox 963 744 1109 807; x_wconf 89' lang='lat' dir='ltr'>habitum</span> <span class='ocrx_word' id='word_1_29' title='bbox 1140 746 1283 808; x_wconf 88' lang='lat' dir='ltr'>totaliter</span> <span class='ocrx_word' id='word_1_30' title='bbox 1304 746 1514 827; x_wconf 84' lang='lat' dir='ltr'>sopiviasent‚</span> 
     </span>
     <span class='ocr_line' id='line_1_5' title="bbox 241 850 1512 935; baseline 0.001 -22"><span class='ocrx_word' id='word_1_31' title='bbox 241 854 328 933; x_wconf 87' lang='lat' dir='ltr'>quod</span> <span class='ocrx_word' id='word_1_32' title='bbox 356 873 414 934; x_wconf 89' lang='lat' dir='ltr'>pro</span> <span class='ocrx_word' id='word_1_33' title='bbox 443 853 593 913; x_wconf 91' lang='lat' dir='ltr'>omnibus</span> <span class='ocrx_word' id='word_1_34' title='bbox 627 852 790 933; x_wconf 87' lang='lat' dir='ltr'>premissis</span> <span class='ocrx_word' id='word_1_35' title='bbox 823 852 972 934; x_wconf 82' lang='lat' dir='ltr'>dampnis</span> <span class='ocrx_word' id='word_1_36' title='bbox 1003 872 1059 934; x_wconf 89' lang='lat' dir='ltr'>per</span> <span class='ocrx_word' id='word_1_37' title='bbox 1084 852 1170 935; x_wconf 85' lang='lat' dir='ltr'>ipsos</span> <span class='ocrx_word' id='word_1_38' title='bbox 1200 850 1339 914; x_wconf 90' lang='lat' dir='ltr'>condam</span> <span class='ocrx_word' id='word_1_39' title='bbox 1364 850 1512 914; x_wconf 87' lang='lat' dir='ltr'>Blasium</span> 
     </span>
     <span class='ocr_line' id='line_1_6' title="bbox 241 958 1512 1039; baseline 0.002 -21"><span class='ocrx_word' id='word_1_40' title='bbox 241 958 381 1038; x_wconf 82' lang='lat' dir='ltr'>judicem</span> <span class='ocrx_word' id='word_1_41' title='bbox 407 980 442 1020; x_wconf 92' lang='lat' dir='ltr'>ac</span> <span class='ocrx_word' id='word_1_42' title='bbox 468 960 611 1020; x_wconf 88' lang='lat' dir='ltr'>relictam</span> <span class='ocrx_word' id='word_1_43' title='bbox 636 974 666 1019; x_wconf 91' lang='lat' dir='ltr'>et</span> <span class='ocrx_word' id='word_1_44' title='bbox 691 958 773 1019; x_wconf 87' lang='lat' dir='ltr'>filios</span> <span class='ocrx_word' id='word_1_45' title='bbox 798 959 943 1019; x_wconf 89' lang='lat' dir='ltr'>eiusdem</span> <span class='ocrx_word' id='word_1_46' title='bbox 976 959 1081 1020; x_wconf 90' lang='lat' dir='ltr'>eidem</span> <span class='ocrx_word' id='word_1_47' title='bbox 1112 958 1251 1021; x_wconf 87' lang='lat' dir='ltr'>Mattino</span> <span class='ocrx_word' id='word_1_48' title='bbox 1275 958 1375 1039; x_wconf 87' lang='lat' dir='ltr'>judici</span> <span class='ocrx_word' id='word_1_49' title='bbox 1401 959 1512 1039; x_wconf 88' lang='lat' dir='ltr'>illatis,</span> 
     </span>
     <span class='ocr_line' id='line_1_7' title="bbox 242 1063 1511 1147; baseline 0 -22"><span class='ocrx_word' id='word_1_50' title='bbox 242 1065 308 1146; x_wconf 91' lang='lat' dir='ltr'>ipsa</span> <span class='ocrx_word' id='word_1_51' title='bbox 334 1066 464 1125; x_wconf 89' lang='lat' dir='ltr'>domina</span> <span class='ocrx_word' id='word_1_52' title='bbox 483 1065 591 1125; x_wconf 90' lang='lat' dir='ltr'>relicta</span> <span class='ocrx_word' id='word_1_53' title='bbox 618 1078 648 1126; x_wconf 93' lang='lat' dir='ltr'>et</span> <span class='ocrx_word' id='word_1_54' title='bbox 666 1063 722 1125; x_wconf 85' lang='lat' dir='ltr'>filii</span> <span class='ocrx_word' id='word_1_55' title='bbox 741 1064 885 1125; x_wconf 86' lang='lat' dir='ltr'>eiusdem</span> <span class='ocrx_word' id='word_1_56' title='bbox 903 1065 1033 1126; x_wconf 81' lang='lat' dir='ltr'>racione</span> <span class='ocrx_word' id='word_1_57' title='bbox 1050 1065 1280 1147; x_wconf 86' lang='lat' dir='ltr'>premissorum</span> <span class='ocrx_word' id='word_1_58' title='bbox 1297 1065 1403 1128; x_wconf 88' lang='lat' dir='ltr'>eidem</span> <span class='ocrx_word' id='word_1_59' title='bbox 1425 1066 1511 1127; x_wconf 89' lang='lat' dir='ltr'>Mar-</span> 
     </span>
     <span class='ocr_line' id='line_1_8' title="bbox 239 1171 1512 1253; baseline 0.001 -21"><span class='ocrx_word' id='word_1_60' title='bbox 239 1172 308 1232; x_wconf 93' lang='lat' dir='ltr'>tino</span> <span class='ocrx_word' id='word_1_61' title='bbox 333 1172 430 1251; x_wconf 85' lang='lat' dir='ltr'>judici</span> <span class='ocrx_word' id='word_1_62' title='bbox 456 1187 528 1232; x_wconf 91' lang='lat' dir='ltr'>octo</span> <span class='ocrx_word' id='word_1_63' title='bbox 555 1172 622 1233; x_wconf 84' lang='lat' dir='ltr'>tior.</span> <span class='ocrx_word' id='word_1_64' title='bbox 640 1172 719 1249; x_wconf 90' lang='lat' dir='ltr'>anri,</span> <span class='ocrx_word' id='word_1_65' title='bbox 737 1187 876 1252; x_wconf 88' lang='lat' dir='ltr'>quatuor</span> <span class='ocrx_word' id='word_1_66' title='bbox 894 1172 925 1231; x_wconf 90' lang='lat' dir='ltr'>in</span> <span class='ocrx_word' id='word_1_67' title='bbox 951 1171 1031 1234; x_wconf 85' lang='lat' dir='ltr'>festo</span> <span class='ocrx_word' id='word_1_68' title='bbox 1050 1175 1143 1234; x_wconf 90' lang='lat' dir='ltr'>beate</span> <span class='ocrx_word' id='word_1_69' title='bbox 1161 1172 1362 1253; x_wconf 83' lang='lat' dir='ltr'>Margarethe</span> <span class='ocrx_word' id='word_1_70' title='bbox 1379 1185 1410 1234; x_wconf 88' lang='lat' dir='ltr'>et</span> <span class='ocrx_word' id='word_1_71' title='bbox 1427 1172 1512 1235; x_wconf 88' lang='lat' dir='ltr'>alios</span> 
     </span>
     <span class='ocr_line' id='line_1_9' title="bbox 242 1277 1512 1360; baseline 0.004 -23"><span class='ocrx_word' id='word_1_72' title='bbox 242 1291 380 1359; x_wconf 85' lang='lat' dir='ltr'>quatuor</span> <span class='ocrx_word' id='word_1_73' title='bbox 405 1279 435 1338; x_wconf 94' lang='lat' dir='ltr'>in</span> <span class='ocrx_word' id='word_1_74' title='bbox 463 1277 543 1339; x_wconf 84' lang='lat' dir='ltr'>festo</span> <span class='ocrx_word' id='word_1_75' title='bbox 576 1278 660 1338; x_wconf 89' lang='lat' dir='ltr'>beati</span> <span class='ocrx_word' id='word_1_76' title='bbox 687 1278 853 1339; x_wconf 84' lang='lat' dir='ltr'>Michaelis</span> <span class='ocrx_word' id='word_1_77' title='bbox 885 1277 1069 1360; x_wconf 84' lang='lat' dir='ltr'>archangeli</span> <span class='ocrx_word' id='word_1_78' title='bbox 1094 1280 1219 1342; x_wconf 88' lang='lat' dir='ltr'>solvere</span> <span class='ocrx_word' id='word_1_79' title='bbox 1249 1281 1447 1342; x_wconf 90' lang='lat' dir='ltr'>tenebuntur</span> <span class='ocrx_word' id='word_1_80' title='bbox 1478 1294 1512 1342; x_wconf 90' lang='lat' dir='ltr'>et</span> 
     </span>
     <span class='ocr_line' id='line_1_10' title="bbox 241 1385 502 1465; baseline -0.008 -19"><span class='ocrx_word' id='word_1_81' title='bbox 241 1400 334 1446; x_wconf 92' lang='lat' dir='ltr'>erunt</span> <span class='ocrx_word' id='word_1_82' title='bbox 358 1385 502 1465; x_wconf 78' lang='lat' dir='ltr'>obligati.</span> 
     </span>
    </p>

    <p class='ocr_par' dir='ltr' id='par_1_2' title="bbox 240 1490 1508 2525">
     <span class='ocr_line' id='line_1_11' title="bbox 346 1490 1508 1573; baseline 0.003 -21"><span class='ocrx_word' id='word_1_83' title='bbox 346 1491 423 1552; x_wconf 91' lang='lat' dir='ltr'>ltem</span> <span class='ocrx_word' id='word_1_84' title='bbox 449 1511 576 1551; x_wconf 88' lang='lat' dir='ltr'>causam</span> <span class='ocrx_word' id='word_1_85' title='bbox 611 1491 739 1551; x_wconf 89' lang='lat' dir='ltr'>Martini</span> <span class='ocrx_word' id='word_1_86' title='bbox 773 1490 887 1571; x_wconf 89' lang='lat' dir='ltr'>judicis</span> <span class='ocrx_word' id='word_1_87' title='bbox 919 1491 1053 1572; x_wconf 84' lang='lat' dir='ltr'>predicti</span> <span class='ocrx_word' id='word_1_88' title='bbox 1086 1511 1142 1573; x_wconf 90' lang='lat' dir='ltr'>per</span> <span class='ocrx_word' id='word_1_89' title='bbox 1172 1512 1230 1553; x_wconf 89' lang='lat' dir='ltr'>nos</span> <span class='ocrx_word' id='word_1_90' title='bbox 1253 1492 1339 1572; x_wconf 84' lang='lat' dir='ltr'>juxta</span> <span class='ocrx_word' id='word_1_91' title='bbox 1364 1491 1508 1556; x_wconf 92' lang='lat' dir='ltr'>literato·</span> 
     </span>
     <span class='ocr_line' id='line_1_12' title="bbox 241 1597 1505 1677; baseline 0.002 -19"><span class='ocrx_word' id='word_1_92' title='bbox 241 1600 323 1658; x_wconf 91' lang='lat' dir='ltr'>rium</span> <span class='ocrx_word' id='word_1_93' title='bbox 350 1598 535 1657; x_wconf 89' lang='lat' dir='ltr'>mandatum</span> <span class='ocrx_word' id='word_1_94' title='bbox 562 1598 683 1677; x_wconf 77' lang='lat' dir='ltr'>regium</span> <span class='ocrx_word' id='word_1_95' title='bbox 718 1597 845 1657; x_wconf 89' lang='lat' dir='ltr'>racione</span> <span class='ocrx_word' id='word_1_96' title='bbox 878 1597 1055 1657; x_wconf 77' lang='lat' dir='ltr'>ablationis</span> <span class='ocrx_word' id='word_1_97' title='bbox 1079 1612 1109 1659; x_wconf 92' lang='lat' dir='ltr'>et</span> <span class='ocrx_word' id='word_1_98' title='bbox 1141 1597 1386 1660; x_wconf 75' lang='lat' dir='ltr'>recollectionis</span> <span class='ocrx_word' id='word_1_99' title='bbox 1409 1599 1505 1661; x_wconf 91' lang='lat' dir='ltr'>vinee</span> 
     </span>
     <span class='ocr_line' id='line_1_13' title="bbox 240 1703 1504 1787; baseline 0.002 -22"><span class='ocrx_word' id='word_1_100' title='bbox 240 1705 383 1765; x_wconf 89' lang='lat' dir='ltr'>eiusdem</span> <span class='ocrx_word' id='word_1_101' title='bbox 410 1704 537 1765; x_wconf 77' lang='lat' dir='ltr'>l‘lartini</span> <span class='ocrx_word' id='word_1_102' title='bbox 562 1703 675 1782; x_wconf 88' lang='lat' dir='ltr'>judicis</span> <span class='ocrx_word' id='word_1_103' title='bbox 700 1723 756 1784; x_wconf 91' lang='lat' dir='ltr'>per</span> <span class='ocrx_word' id='word_1_104' title='bbox 780 1703 916 1764; x_wconf 90' lang='lat' dir='ltr'>condam</span> <span class='ocrx_word' id='word_1_105' title='bbox 942 1703 1121 1765; x_wconf 86' lang='lat' dir='ltr'>Seboldum</span> <span class='ocrx_word' id='word_1_106' title='bbox 1148 1706 1258 1787; x_wconf 89' lang='lat' dir='ltr'>Mayer</span> <span class='ocrx_word' id='word_1_107' title='bbox 1282 1705 1361 1766; x_wconf 85' lang='lat' dir='ltr'>alias</span> <span class='ocrx_word' id='word_1_108' title='bbox 1383 1706 1504 1787; x_wconf 85' lang='lat' dir='ltr'>capita·</span> 
     </span>
     <span class='ocr_line' id='line_1_14' title="bbox 242 1810 1507 1892; baseline 0.002 -21"><span class='ocrx_word' id='word_1_109' title='bbox 242 1831 338 1872; x_wconf 90' lang='lat' dir='ltr'>neum</span> <span class='ocrx_word' id='word_1_110' title='bbox 375 1811 457 1871; x_wconf 88' lang='lat' dir='ltr'>dicte</span> <span class='ocrx_word' id='word_1_111' title='bbox 493 1810 629 1870; x_wconf 87' lang='lat' dir='ltr'>civitatis</span> <span class='ocrx_word' id='word_1_112' title='bbox 662 1810 767 1870; x_wconf 91' lang='lat' dir='ltr'>eidem</span> <span class='ocrx_word' id='word_1_113' title='bbox 801 1810 939 1871; x_wconf 88' lang='lat' dir='ltr'>Martino</span> <span class='ocrx_word' id='word_1_114' title='bbox 972 1810 1070 1890; x_wconf 87' lang='lat' dir='ltr'>judici</span> <span class='ocrx_word' id='word_1_115' title='bbox 1105 1810 1334 1890; x_wconf 84' lang='lat' dir='ltr'>adjudicatam,</span> <span class='ocrx_word' id='word_1_116' title='bbox 1365 1824 1396 1873; x_wconf 90' lang='lat' dir='ltr'>et</span> <span class='ocrx_word' id='word_1_117' title='bbox 1431 1812 1507 1892; x_wconf 89' lang='lat' dir='ltr'>quia</span> 
     </span>
     <span class='ocr_line' id='line_1_15' title="bbox 241 1916 1507 1997; baseline 0.002 -20"><span class='ocrx_word' id='word_1_118' title='bbox 241 1918 346 1977; x_wconf 90' lang='lat' dir='ltr'>cidem</span> <span class='ocrx_word' id='word_1_119' title='bbox 374 1917 512 1977; x_wconf 80' lang='lat' dir='ltr'>Martino</span> <span class='ocrx_word' id='word_1_120' title='bbox 538 1916 634 1995; x_wconf 80' lang='lat' dir='ltr'>judici</span> <span class='ocrx_word' id='word_1_121' title='bbox 660 1930 726 1977; x_wconf 89' lang='lat' dir='ltr'>erat</span> <span class='ocrx_word' id='word_1_122' title='bbox 750 1916 966 1995; x_wconf 88' lang='lat' dir='ltr'>juramentum</span> <span class='ocrx_word' id='word_1_123' title='bbox 992 1917 1210 1997; x_wconf 87' lang='lat' dir='ltr'>adjudicatum</span> <span class='ocrx_word' id='word_1_124' title='bbox 1237 1918 1405 1980; x_wconf 87' lang='lat' dir='ltr'>terciomet</span> <span class='ocrx_word' id='word_1_125' title='bbox 1430 1937 1507 1979; x_wconf 90' lang='lat' dir='ltr'>con-</span> 
     </span>
     <span class='ocr_line' id='line_1_16' title="bbox 241 2023 1507 2103; baseline 0.001 -19"><span class='ocrx_word' id='word_1_126' title='bbox 241 2024 364 2084; x_wconf 86' lang='lat' dir='ltr'>civibus</span> <span class='ocrx_word' id='word_1_127' title='bbox 389 2024 472 2082; x_wconf 90' lang='lat' dir='ltr'>dicte</span> <span class='ocrx_word' id='word_1_128' title='bbox 490 2023 626 2083; x_wconf 87' lang='lat' dir='ltr'>civitatis</span> <span class='ocrx_word' id='word_1_129' title='bbox 643 2042 701 2102; x_wconf 91' lang='lat' dir='ltr'>pro</span> <span class='ocrx_word' id='word_1_130' title='bbox 726 2023 882 2103; x_wconf 89' lang='lat' dir='ltr'>premisso</span> <span class='ocrx_word' id='word_1_131' title='bbox 903 2023 1056 2103; x_wconf 87' lang='lat' dir='ltr'>dampno,</span> <span class='ocrx_word' id='word_1_132' title='bbox 1074 2037 1231 2103; x_wconf 87' lang='lat' dir='ltr'>quantum</span> <span class='ocrx_word' id='word_1_133' title='bbox 1249 2023 1377 2086; x_wconf 89' lang='lat' dir='ltr'>valebat</span> <span class='ocrx_word' id='word_1_134' title='bbox 1393 2024 1507 2085; x_wconf 91' lang='lat' dir='ltr'>vinum</span> 
     </span>
     <span class='ocr_line' id='line_1_17' title="bbox 241 2129 1506 2212; baseline 0 -21"><span class='ocrx_word' id='word_1_135' title='bbox 241 2132 345 2212; x_wconf 90' lang='lat' dir='ltr'>ipsum</span> <span class='ocrx_word' id='word_1_136' title='bbox 372 2151 426 2211; x_wconf 90' lang='lat' dir='ltr'>pet</span> <span class='ocrx_word' id='word_1_137' title='bbox 452 2132 554 2210; x_wconf 88' lang='lat' dir='ltr'>ipsum</span> <span class='ocrx_word' id='word_1_138' title='bbox 575 2129 753 2189; x_wconf 85' lang='lat' dir='ltr'>Seboldum</span> <span class='ocrx_word' id='word_1_139' title='bbox 781 2146 953 2210; x_wconf 89' lang='lat' dir='ltr'>receptum,</span> <span class='ocrx_word' id='word_1_140' title='bbox 973 2130 1045 2190; x_wconf 88' lang='lat' dir='ltr'>ideo</span> <span class='ocrx_word' id='word_1_141' title='bbox 1063 2129 1203 2211; x_wconf 84' lang='lat' dir='ltr'>prefatus</span> <span class='ocrx_word' id='word_1_142' title='bbox 1229 2131 1385 2192; x_wconf 87' lang='lat' dir='ltr'>Martinus</span> <span class='ocrx_word' id='word_1_143' title='bbox 1409 2131 1506 2211; x_wconf 84' lang='lat' dir='ltr'>judex</span> 
     </span>
     <span class='ocr_line' id='line_1_18' title="bbox 240 2236 1508 2317; baseline 0.002 -20"><span class='ocrx_word' id='word_1_144' title='bbox 240 2238 453 2313; x_wconf 76' lang='lat' dir='ltr'>iuramentum</span> <span class='ocrx_word' id='word_1_145' title='bbox 480 2236 566 2317; x_wconf 84' lang='lat' dir='ltr'>quod</span> <span class='ocrx_word' id='word_1_146' title='bbox 586 2236 691 2295; x_wconf 88' lang='lat' dir='ltr'>eidem</span> <span class='ocrx_word' id='word_1_147' title='bbox 711 2252 777 2297; x_wconf 91' lang='lat' dir='ltr'>erat</span> <span class='ocrx_word' id='word_1_148' title='bbox 801 2236 1018 2311; x_wconf 85' lang='lat' dir='ltr'>adjudicatum</span> <span class='ocrx_word' id='word_1_149' title='bbox 1037 2256 1095 2317; x_wconf 90' lang='lat' dir='ltr'>pro</span> <span class='ocrx_word' id='word_1_150' title='bbox 1114 2237 1259 2298; x_wconf 91' lang='lat' dir='ltr'>ducentis</span> <span class='ocrx_word' id='word_1_151' title='bbox 1283 2236 1409 2298; x_wconf 90' lang='lat' dir='ltr'>cubulis</span> <span class='ocrx_word' id='word_1_152' title='bbox 1426 2238 1508 2315; x_wconf 85' lang='lat' dir='ltr'>vini,</span> 
     </span>
     <span class='ocr_line' id='line_1_19' title="bbox 240 2341 1505 2426; baseline 0.002 -24"><span class='ocrx_word' id='word_1_153' title='bbox 240 2344 327 2423; x_wconf 77' lang='lat' dir='ltr'>quod</span> <span class='ocrx_word' id='word_1_154' title='bbox 360 2358 435 2403; x_wconf 88' lang='lat' dir='ltr'>tunc</span> <span class='ocrx_word' id='word_1_155' title='bbox 468 2343 592 2402; x_wconf 90' lang='lat' dir='ltr'>valebat</span> <span class='ocrx_word' id='word_1_156' title='bbox 624 2342 834 2422; x_wconf 81' lang='lat' dir='ltr'>quadraginta</span> <span class='ocrx_word' id='word_1_157' title='bbox 869 2341 937 2404; x_wconf 89' lang='lat' dir='ltr'>flor.</span> <span class='ocrx_word' id='word_1_158' title='bbox 970 2344 1049 2420; x_wconf 90' lang='lat' dir='ltr'>auri,</span> <span class='ocrx_word' id='word_1_159' title='bbox 1084 2344 1220 2424; x_wconf 87' lang='lat' dir='ltr'>prestitit</span> <span class='ocrx_word' id='word_1_160' title='bbox 1243 2356 1339 2426; x_wconf 88' lang='lat' dir='ltr'>prout</span> <span class='ocrx_word' id='word_1_161' title='bbox 1364 2342 1505 2406; x_wconf 87' lang='lat' dir='ltr'>debebat</span> 
     </span>
     <span class='ocr_line' id='line_1_20' title="bbox 241 2450 466 2525; baseline 0 -16"><span class='ocrx_word' id='word_1_162' title='bbox 241 2450 466 2525; x_wconf 87' lang='lat' dir='ltr'>juramentum.</span> 
     </span>
    </p>

    <p class='ocr_par' dir='ltr' id='par_1_3' title="bbox 239 2556 1506 2848">
     <span class='ocr_line' id='line_1_21' title="bbox 347 2556 1505 2635; baseline 0.004 -22"><span class='ocrx_word' id='word_1_163' title='bbox 347 2556 422 2615; x_wconf 90' lang='lat' dir='ltr'>ltem</span> <span class='ocrx_word' id='word_1_164' title='bbox 444 2556 638 2615; x_wconf 80' lang='lat' dir='ltr'>laurencius</span> <span class='ocrx_word' id='word_1_165' title='bbox 654 2575 774 2635; x_wconf 75' lang='lat' dir='ltr'>aporos,</span> <span class='ocrx_word' id='word_1_166' title='bbox 796 2556 902 2615; x_wconf 87' lang='lat' dir='ltr'>senior</span> <span class='ocrx_word' id='word_1_167' title='bbox 920 2556 1040 2635; x_wconf 86' lang='lat' dir='ltr'>juratus</span> <span class='ocrx_word' id='word_1_168' title='bbox 1057 2570 1087 2615; x_wconf 89' lang='lat' dir='ltr'>et</span> <span class='ocrx_word' id='word_1_169' title='bbox 1101 2556 1242 2616; x_wconf 88' lang='lat' dir='ltr'>concivis</span> <span class='ocrx_word' id='word_1_170' title='bbox 1257 2570 1374 2633; x_wconf 88' lang='lat' dir='ltr'>noster,</span> <span class='ocrx_word' id='word_1_171' title='bbox 1392 2570 1505 2618; x_wconf 92' lang='lat' dir='ltr'>contra</span> 
     </span>
     <span class='ocr_line' id='line_1_22' title="bbox 243 2661 1506 2742; baseline 0.002 -22"><span class='ocrx_word' id='word_1_172' title='bbox 243 2662 382 2721; x_wconf 76' lang='lat' dir='ltr'>Blasioni</span> <span class='ocrx_word' id='word_1_173' title='bbox 418 2662 560 2721; x_wconf 84' lang='lat' dir='ltr'>villicum</span> <span class='ocrx_word' id='word_1_174' title='bbox 596 2661 780 2742; x_wconf 76' lang='lat' dir='ltr'>lendauvn</span> <span class='ocrx_word' id='word_1_175' title='bbox 806 2662 938 2736; x_wconf 90' lang='lat' dir='ltr'>dictam,</span> <span class='ocrx_word' id='word_1_176' title='bbox 971 2662 1072 2721; x_wconf 89' lang='lat' dir='ltr'>civem</span> <span class='ocrx_word' id='word_1_177' title='bbox 1106 2662 1248 2722; x_wconf 75' lang='lat' dir='ltr'>Abbacie</span> <span class='ocrx_word' id='word_1_178' title='bbox 1278 2662 1506 2741; x_wconf 81' lang='lat' dir='ltr'>zagtabiensis,</span> 
     </span>
     <span class='ocr_line' id='line_1_23' title="bbox 239 2768 1036 2848; baseline 0.001 -21"><span class='ocrx_word' id='word_1_179' title='bbox 239 2770 343 2848; x_wconf 89' lang='lat' dir='ltr'>primo</span> <span class='ocrx_word' id='word_1_180' title='bbox 369 2770 481 2827; x_wconf 85' lang='lat' dir='ltr'>citatas</span> <span class='ocrx_word' id='word_1_181' title='bbox 507 2788 569 2828; x_wconf 92' lang='lat' dir='ltr'>non</span> <span class='ocrx_word' id='word_1_182' title='bbox 597 2768 775 2848; x_wconf 87' lang='lat' dir='ltr'>comparuit</span> <span class='ocrx_word' id='word_1_183' title='bbox 800 2788 907 2828; x_wconf 88' lang='lat' dir='ltr'>coram</span> <span class='ocrx_word' id='word_1_184' title='bbox 934 2769 1036 2828; x_wconf 90' lang='lat' dir='ltr'>nobis.</span> 
     </span>
    </p>

    <p class='ocr_par' dir='ltr' id='par_1_4' title="bbox 240 2875 1506 3486">
     <span class='ocr_line' id='line_1_24' title="bbox 347 2875 1505 2957; baseline 0.004 -24"><span class='ocrx_word' id='word_1_185' title='bbox 347 2876 422 2935; x_wconf 85' lang='lat' dir='ltr'>Item</span> <span class='ocrx_word' id='word_1_186' title='bbox 450 2875 662 2951; x_wconf 86' lang='lat' dir='ltr'>juramentum</span> <span class='ocrx_word' id='word_1_187' title='bbox 690 2876 920 2957; x_wconf 87' lang='lat' dir='ltr'>circumspecto</span> <span class='ocrx_word' id='word_1_188' title='bbox 946 2876 1014 2935; x_wconf 87' lang='lat' dir='ltr'>viro</span> <span class='ocrx_word' id='word_1_189' title='bbox 1041 2875 1194 2936; x_wconf 87' lang='lat' dir='ltr'>Conrado</span> <span class='ocrx_word' id='word_1_190' title='bbox 1220 2875 1361 2952; x_wconf 75' lang='lat' dir='ltr'>llatvsar,</span> <span class='ocrx_word' id='word_1_191' title='bbox 1385 2875 1505 2938; x_wconf 87' lang='lat' dir='ltr'>seniori</span> 
     </span>
     <span class='ocr_line' id='line_1_25' title="bbox 241 2980 1506 3063; baseline 0.003 -24"><span class='ocrx_word' id='word_1_192' title='bbox 241 2980 336 3056; x_wconf 73' lang='lat' dir='ltr'>indici</span> <span class='ocrx_word' id='word_1_193' title='bbox 363 2982 444 3041; x_wconf 86' lang='lat' dir='ltr'>dicte</span> <span class='ocrx_word' id='word_1_194' title='bbox 471 2982 617 3054; x_wconf 87' lang='lat' dir='ltr'>civitatis,</span> <span class='ocrx_word' id='word_1_195' title='bbox 651 2997 759 3040; x_wconf 88' lang='lat' dir='ltr'>contra</span> <span class='ocrx_word' id='word_1_196' title='bbox 793 2982 926 3041; x_wconf 75' lang='lat' dir='ltr'>l&#39;aalum</span> <span class='ocrx_word' id='word_1_197' title='bbox 954 2998 983 3041; x_wconf 92' lang='lat' dir='ltr'>et</span> <span class='ocrx_word' id='word_1_198' title='bbox 1019 2982 1209 3063; x_wconf 74' lang='lat' dir='ltr'>Dvonisium</span> <span class='ocrx_word' id='word_1_199' title='bbox 1236 2980 1416 3042; x_wconf 85' lang='lat' dir='ltr'>aurifabtos</span> <span class='ocrx_word' id='word_1_200' title='bbox 1448 3002 1506 3062; x_wconf 90' lang='lat' dir='ltr'>pet</span> 
     </span>
     <span class='ocr_line' id='line_1_26' title="bbox 240 3088 1504 3169; baseline 0.003 -22"><span class='ocrx_word' id='word_1_201' title='bbox 240 3089 380 3147; x_wconf 87' lang='lat' dir='ltr'>seniores</span> <span class='ocrx_word' id='word_1_202' title='bbox 414 3090 533 3163; x_wconf 80' lang='lat' dir='ltr'>judices</span> <span class='ocrx_word' id='word_1_203' title='bbox 567 3090 692 3148; x_wconf 83' lang='lat' dir='ltr'>racione</span> <span class='ocrx_word' id='word_1_204' title='bbox 727 3089 902 3148; x_wconf 87' lang='lat' dir='ltr'>ablacionis</span> <span class='ocrx_word' id='word_1_205' title='bbox 934 3089 1146 3168; x_wconf 80' lang='lat' dir='ltr'>quarumdam</span> <span class='ocrx_word' id='word_1_206' title='bbox 1181 3108 1284 3148; x_wconf 90' lang='lat' dir='ltr'>rerum</span> <span class='ocrx_word' id='word_1_207' title='bbox 1311 3108 1366 3169; x_wconf 88' lang='lat' dir='ltr'>per</span> <span class='ocrx_word' id='word_1_208' title='bbox 1398 3088 1504 3169; x_wconf 88' lang='lat' dir='ltr'>ipsum</span> 
     </span>
     <span class='ocr_line' id='line_1_27' title="bbox 242 3192 1503 3275; baseline 0.005 -25"><span class='ocrx_word' id='word_1_209' title='bbox 242 3194 374 3253; x_wconf 81' lang='lat' dir='ltr'>l‘aulum</span> <span class='ocrx_word' id='word_1_210' title='bbox 401 3192 597 3253; x_wconf 78' lang='lat' dir='ltr'>aurifabrum</span> <span class='ocrx_word' id='word_1_211' title='bbox 616 3213 722 3253; x_wconf 90' lang='lat' dir='ltr'>coram</span> <span class='ocrx_word' id='word_1_212' title='bbox 742 3195 834 3253; x_wconf 89' lang='lat' dir='ltr'>nobis</span> <span class='ocrx_word' id='word_1_213' title='bbox 854 3194 883 3253; x_wconf 91' lang='lat' dir='ltr'>in</span> <span class='ocrx_word' id='word_1_214' title='bbox 910 3194 1042 3272; x_wconf 71' lang='lat' dir='ltr'>registro</span> <span class='ocrx_word' id='word_1_215' title='bbox 1060 3194 1300 3275; x_wconf 80' lang='lat' dir='ltr'>producturum,</span> <span class='ocrx_word' id='word_1_216' title='bbox 1319 3193 1396 3254; x_wconf 82' lang='lat' dir='ltr'>feria</span> <span class='ocrx_word' id='word_1_217' title='bbox 1415 3208 1503 3256; x_wconf 86' lang='lat' dir='ltr'>sexta</span> 
     </span>
     <span class='ocr_line' id='line_1_28' title="bbox 240 3298 1505 3379; baseline 0.004 -22"><span class='ocrx_word' id='word_1_218' title='bbox 240 3301 383 3377; x_wconf 80' lang='lat' dir='ltr'>proxima</span> <span class='ocrx_word' id='word_1_219' title='bbox 410 3315 479 3379; x_wconf 84' lang='lat' dir='ltr'>post</span> <span class='ocrx_word' id='word_1_220' title='bbox 505 3298 618 3359; x_wconf 84' lang='lat' dir='ltr'>festam</span> <span class='ocrx_word' id='word_1_221' title='bbox 649 3300 729 3359; x_wconf 86' lang='lat' dir='ltr'>beati</span> <span class='ocrx_word' id='word_1_222' title='bbox 766 3300 891 3359; x_wconf 84' lang='lat' dir='ltr'>Martini</span> <span class='ocrx_word' id='word_1_223' title='bbox 927 3300 1070 3379; x_wconf 80' lang='lat' dir='ltr'>proxime</span> <span class='ocrx_word' id='word_1_224' title='bbox 1105 3302 1304 3379; x_wconf 88' lang='lat' dir='ltr'>preteritum,</span> <span class='ocrx_word' id='word_1_225' title='bbox 1337 3300 1505 3362; x_wconf 89' lang='lat' dir='ltr'>terciomet</span> 
     </span>
     <span class='ocr_line' id='line_1_29' title="bbox 240 3406 1396 3486; baseline 0.003 -23"><span class='ocrx_word' id='word_1_226' title='bbox 240 3406 426 3466; x_wconf 77' lang='lat' dir='ltr'>concivibus</span> <span class='ocrx_word' id='word_1_227' title='bbox 452 3407 566 3465; x_wconf 71' lang='lat' dir='ltr'>neutris</span> <span class='ocrx_word' id='word_1_228' title='bbox 590 3407 694 3466; x_wconf 83' lang='lat' dir='ltr'>eidem</span> <span class='ocrx_word' id='word_1_229' title='bbox 721 3406 939 3479; x_wconf 78' lang='lat' dir='ltr'>adjudicatum</span> <span class='ocrx_word' id='word_1_230' title='bbox 970 3407 1104 3486; x_wconf 84' lang='lat' dir='ltr'>prestitit</span> <span class='ocrx_word' id='word_1_231' title='bbox 1130 3422 1224 3486; x_wconf 87' lang='lat' dir='ltr'>prout</span> <span class='ocrx_word' id='word_1_232' title='bbox 1249 3407 1396 3467; x_wconf 84' lang='lat' dir='ltr'>debebat.</span> 
     </span>
    </p>

    <p class='ocr_par' dir='ltr' id='par_1_5' title="bbox 239 3511 1503 3699">
     <span class='ocr_line' id='line_1_30' title="bbox 347 3511 1503 3593; baseline 0.003 -23"><span class='ocrx_word' id='word_1_233' title='bbox 347 3512 421 3571; x_wconf 88' lang='lat' dir='ltr'>ltetn</span> <span class='ocrx_word' id='word_1_234' title='bbox 449 3512 631 3571; x_wconf 70' lang='lat' dir='ltr'>lathomos</span> <span class='ocrx_word' id='word_1_235' title='bbox 649 3511 837 3593; x_wconf 75' lang='lat' dir='ltr'>(lprasnvch</span> <span class='ocrx_word' id='word_1_236' title='bbox 857 3526 964 3571; x_wconf 87' lang='lat' dir='ltr'>contra</span> <span class='ocrx_word' id='word_1_237' title='bbox 985 3513 1219 3591; x_wconf 81' lang='lat' dir='ltr'>llargaretltam</span> <span class='ocrx_word' id='word_1_238' title='bbox 1246 3513 1503 3575; x_wconf 87' lang='lat' dir='ltr'>inhabitatricem</span> 
     </span>
     <span class='ocr_line' id='line_1_31' title="bbox 239 3617 1395 3699; baseline 0.003 -24"><span class='ocrx_word' id='word_1_239' title='bbox 239 3617 321 3677; x_wconf 86' lang='lat' dir='ltr'>dicte</span> <span class='ocrx_word' id='word_1_240' title='bbox 348 3618 483 3678; x_wconf 88' lang='lat' dir='ltr'>civitatis</span> <span class='ocrx_word' id='word_1_241' title='bbox 508 3617 697 3677; x_wconf 85' lang='lat' dir='ltr'>secundario</span> <span class='ocrx_word' id='word_1_242' title='bbox 723 3618 835 3677; x_wconf 87' lang='lat' dir='ltr'>citatas</span> <span class='ocrx_word' id='word_1_243' title='bbox 860 3638 923 3677; x_wconf 93' lang='lat' dir='ltr'>non</span> <span class='ocrx_word' id='word_1_244' title='bbox 950 3620 1129 3699; x_wconf 86' lang='lat' dir='ltr'>comparuit</span> <span class='ocrx_word' id='word_1_245' title='bbox 1156 3639 1264 3679; x_wconf 79' lang='lat' dir='ltr'>coram</span> <span class='ocrx_word' id='word_1_246' title='bbox 1291 3620 1395 3679; x_wconf 84' lang='lat' dir='ltr'>nobis.</span> 
     </span>
    </p>

    <p class='ocr_par' dir='ltr' id='par_1_6' title="bbox 238 3724 1506 4443">
     <span class='ocr_line' id='line_1_32' title="bbox 347 3724 1503 3807; baseline 0.003 -24"><span class='ocrx_word' id='word_1_247' title='bbox 347 3726 421 3784; x_wconf 86' lang='lat' dir='ltr'>ltent</span> <span class='ocrx_word' id='word_1_248' title='bbox 448 3744 574 3784; x_wconf 87' lang='lat' dir='ltr'>causam</span> <span class='ocrx_word' id='word_1_249' title='bbox 609 3726 688 3784; x_wconf 85' lang='lat' dir='ltr'>inter</span> <span class='ocrx_word' id='word_1_250' title='bbox 724 3725 913 3807; x_wconf 78' lang='lat' dir='ltr'>Dvonisium</span> <span class='ocrx_word' id='word_1_251' title='bbox 950 3724 1118 3805; x_wconf 24' lang='lat' dir='ltr'>¹ivpcltuvcb</span> <span class='ocrx_word' id='word_1_252' title='bbox 1145 3740 1174 3785; x_wconf 90' lang='lat' dir='ltr'>et</span> <span class='ocrx_word' id='word_1_253' title='bbox 1208 3726 1288 3785; x_wconf 87' lang='lat' dir='ltr'>iuter</span> <span class='ocrx_word' id='word_1_254' title='bbox 1314 3726 1429 3807; x_wconf 72' lang='lat' dir='ltr'>Eiram</span> <span class='ocrx_word' id='word_1_255' title='bbox 1455 3725 1503 3787; x_wconf 84' lang='lat' dir='ltr'>fu·</span> 
     </span>
     <span class='ocr_line' id='line_1_33' title="bbox 239 3831 1502 3913; baseline 0.002 -23"><span class='ocrx_word' id='word_1_256' title='bbox 239 3850 341 3891; x_wconf 90' lang='lat' dir='ltr'>sorem</span> <span class='ocrx_word' id='word_1_257' title='bbox 369 3851 595 3912; x_wconf 85' lang='lat' dir='ltr'>campanarum</span> <span class='ocrx_word' id='word_1_258' title='bbox 623 3833 749 3891; x_wconf 86' lang='lat' dir='ltr'>racione</span> <span class='ocrx_word' id='word_1_259' title='bbox 781 3832 980 3891; x_wconf 88' lang='lat' dir='ltr'>vendicionis</span> <span class='ocrx_word' id='word_1_260' title='bbox 1012 3831 1176 3891; x_wconf 86' lang='lat' dir='ltr'>cuiusdam</span> <span class='ocrx_word' id='word_1_261' title='bbox 1204 3832 1294 3890; x_wconf 92' lang='lat' dir='ltr'>bovis</span> <span class='ocrx_word' id='word_1_262' title='bbox 1319 3852 1374 3912; x_wconf 89' lang='lat' dir='ltr'>pet</span> <span class='ocrx_word' id='word_1_263' title='bbox 1399 3833 1502 3913; x_wconf 87' lang='lat' dir='ltr'>ipsum</span> 
     </span>
     <span class='ocr_line' id='line_1_34' title="bbox 241 3937 1506 4019; baseline 0.002 -22"><span class='ocrx_word' id='word_1_264' title='bbox 241 3938 431 4018; x_wconf 73' lang='lat' dir='ltr'>llvooisiunt</span> <span class='ocrx_word' id='word_1_265' title='bbox 459 3938 516 4017; x_wconf 88' lang='lat' dir='ltr'>ipsi</span> <span class='ocrx_word' id='word_1_266' title='bbox 544 3938 623 4017; x_wconf 69' lang='lat' dir='ltr'>lilve</span> <span class='ocrx_word' id='word_1_267' title='bbox 650 3938 781 4011; x_wconf 81' lang='lat' dir='ltr'>venditi,</span> <span class='ocrx_word' id='word_1_268' title='bbox 815 3939 880 4017; x_wconf 91' lang='lat' dir='ltr'>ipse</span> <span class='ocrx_word' id='word_1_269' title='bbox 908 3938 1002 4019; x_wconf 75' lang='lat' dir='ltr'>Elvas</span> <span class='ocrx_word' id='word_1_270' title='bbox 1034 3938 1189 3997; x_wconf 85' lang='lat' dir='ltr'>solusmet</span> <span class='ocrx_word' id='word_1_271' title='bbox 1216 3937 1317 4007; x_wconf 79' lang='lat' dir='ltr'>jurene</span> <span class='ocrx_word' id='word_1_272' title='bbox 1343 3939 1506 3999; x_wconf 89' lang='lat' dir='ltr'>tenebitur</span> 
     </span>
     <span class='ocr_line' id='line_1_35' title="bbox 238 4042 1503 4124; baseline 0.002 -21"><span class='ocrx_word' id='word_1_273' title='bbox 238 4044 334 4103; x_wconf 89' lang='lat' dir='ltr'>tercia</span> <span class='ocrx_word' id='word_1_274' title='bbox 361 4042 437 4103; x_wconf 83' lang='lat' dir='ltr'>l&#39;eria</span> <span class='ocrx_word' id='word_1_275' title='bbox 456 4060 526 4124; x_wconf 89' lang='lat' dir='ltr'>post</span> <span class='ocrx_word' id='word_1_276' title='bbox 552 4042 665 4103; x_wconf 77' lang='lat' dir='ltr'>testum</span> <span class='ocrx_word' id='word_1_277' title='bbox 685 4045 767 4103; x_wconf 92' lang='lat' dir='ltr'>beati</span> <span class='ocrx_word' id='word_1_278' title='bbox 788 4044 911 4104; x_wconf 83' lang='lat' dir='ltr'>Nicolai</span> <span class='ocrx_word' id='word_1_279' title='bbox 936 4045 1077 4123; x_wconf 82' lang='lat' dir='ltr'>episcopi</span> <span class='ocrx_word' id='word_1_280' title='bbox 1104 4060 1134 4103; x_wconf 88' lang='lat' dir='ltr'>et</span> <span class='ocrx_word' id='word_1_281' title='bbox 1159 4042 1359 4122; x_wconf 81' lang='lat' dir='ltr'>confessoris,</span> <span class='ocrx_word' id='word_1_282' title='bbox 1378 4058 1408 4113; x_wconf 84' lang='lat' dir='ltr'>et</span> <span class='ocrx_word' id='word_1_283' title='bbox 1426 4044 1503 4106; x_wconf 91' lang='lat' dir='ltr'>dum</span> 
     </span>
     <span class='ocr_line' id='line_1_36' title="bbox 241 4150 1503 4231; baseline 0.003 -23"><span class='ocrx_word' id='word_1_284' title='bbox 241 4150 354 4223; x_wconf 80' lang='lat' dir='ltr'>jurabit</span> <span class='ocrx_word' id='word_1_285' title='bbox 381 4165 454 4210; x_wconf 85' lang='lat' dir='ltr'>tttttc</span> <span class='ocrx_word' id='word_1_286' title='bbox 491 4152 555 4229; x_wconf 90' lang='lat' dir='ltr'>ipse</span> <span class='ocrx_word' id='word_1_287' title='bbox 584 4150 756 4231; x_wconf 71' lang='lat' dir='ltr'>llyonisius</span> <span class='ocrx_word' id='word_1_288' title='bbox 788 4170 890 4210; x_wconf 90' lang='lat' dir='ltr'>arram</span> <span class='ocrx_word' id='word_1_289' title='bbox 925 4150 1028 4209; x_wconf 88' lang='lat' dir='ltr'>eidem</span> <span class='ocrx_word' id='word_1_290' title='bbox 1062 4151 1226 4210; x_wconf 84' lang='lat' dir='ltr'>restituere</span> <span class='ocrx_word' id='word_1_291' title='bbox 1251 4151 1429 4225; x_wconf 86' lang='lat' dir='ltr'>tenebitur;</span> <span class='ocrx_word' id='word_1_292' title='bbox 1463 4150 1503 4212; x_wconf 89' lang='lat' dir='ltr'>de</span> 
     </span>
     <span class='ocr_line' id='line_1_37' title="bbox 239 4256 1502 4337; baseline 0.004 -24"><span class='ocrx_word' id='word_1_293' title='bbox 239 4276 303 4335; x_wconf 73' lang='lat' dir='ltr'>ouo</span> <span class='ocrx_word' id='word_1_294' title='bbox 329 4256 448 4333; x_wconf 77' lang='lat' dir='ltr'>judicio</span> <span class='ocrx_word' id='word_1_295' title='bbox 475 4258 539 4337; x_wconf 89' lang='lat' dir='ltr'>ipse</span> <span class='ocrx_word' id='word_1_296' title='bbox 569 4257 662 4337; x_wconf 72' lang='lat' dir='ltr'>lilvas</span> <span class='ocrx_word' id='word_1_297' title='bbox 699 4256 839 4335; x_wconf 88' lang='lat' dir='ltr'>ipsorum</span> <span class='ocrx_word' id='word_1_298' title='bbox 875 4256 1048 4329; x_wconf 87' lang='lat' dir='ltr'>juratorum</span> <span class='ocrx_word' id='word_1_299' title='bbox 1084 4276 1147 4315; x_wconf 93' lang='lat' dir='ltr'>non</span> <span class='ocrx_word' id='word_1_300' title='bbox 1174 4271 1343 4317; x_wconf 87' lang='lat' dir='ltr'>contentus</span> <span class='ocrx_word' id='word_1_301' title='bbox 1367 4258 1502 4318; x_wconf 91' lang='lat' dir='ltr'>eandem</span> 
     </span>
     <span class='ocr_line' id='line_1_38' title="bbox 239 4363 952 4443; baseline 0 -21"><span class='ocrx_word' id='word_1_302' title='bbox 239 4383 364 4423; x_wconf 82' lang='lat' dir='ltr'>causant</span> <span class='ocrx_word' id='word_1_303' title='bbox 393 4364 565 4443; x_wconf 88' lang='lat' dir='ltr'>appellavit</span> <span class='ocrx_word' id='word_1_304' title='bbox 591 4363 629 4421; x_wconf 89' lang='lat' dir='ltr'>ad</span> <span class='ocrx_word' id='word_1_305' title='bbox 656 4363 796 4422; x_wconf 85' lang='lat' dir='ltr'>seniores</span> <span class='ocrx_word' id='word_1_306' title='bbox 822 4364 952 4438; x_wconf 85' lang='lat' dir='ltr'>judices.</span> 
     </span>
    </p>

    <p class='ocr_par' dir='ltr' id='par_1_7' title="bbox 346 4468 1501 4540">
     <span class='ocr_line' id='line_1_39' title="bbox 346 4468 1501 4540; baseline 0.003 -12"><span class='ocrx_word' id='word_1_307' title='bbox 346 4471 421 4529; x_wconf 89' lang='lat' dir='ltr'>Item</span> <span class='ocrx_word' id='word_1_308' title='bbox 449 4490 574 4530; x_wconf 87' lang='lat' dir='ltr'>causatu</span> <span class='ocrx_word' id='word_1_309' title='bbox 611 4470 737 4529; x_wconf 75' lang='lat' dir='ltr'>llartini</span> <span class='ocrx_word' id='word_1_310' title='bbox 773 4468 884 4540; x_wconf 84' lang='lat' dir='ltr'>judicis</span> <span class='ocrx_word' id='word_1_311' title='bbox 918 4471 1043 4529; x_wconf 88' lang='lat' dir='ltr'>racione</span> <span class='ocrx_word' id='word_1_312' title='bbox 1079 4470 1255 4529; x_wconf 82' lang='lat' dir='ltr'>ablationis</span> <span class='ocrx_word' id='word_1_313' title='bbox 1287 4470 1501 4532; x_wconf 89' lang='lat' dir='ltr'>ducentorum</span> 
     </span>
    </p>
   </div>
   <div class='ocr_carea' id='block_1_2' title="bbox 239 4576 1502 4659">
    <p class='ocr_par' dir='ltr' id='par_1_8' title="bbox 239 4576 1502 4659">
     <span class='ocr_line' id='line_1_40' title="bbox 239 4576 1502 4659; baseline 0.001 -23"><span class='ocrx_word' id='word_1_314' title='bbox 239 4576 430 4636; x_wconf 80' lang='lat' dir='ltr'>cabalorum</span> <span class='ocrx_word' id='word_1_315' title='bbox 460 4576 521 4636; x_wconf 86' lang='lat' dir='ltr'>vini</span> <span class='ocrx_word' id='word_1_316' title='bbox 549 4592 578 4635; x_wconf 88' lang='lat' dir='ltr'>et</span> <span class='ocrx_word' id='word_1_317' title='bbox 605 4576 695 4636; x_wconf 88' lang='lat' dir='ltr'>vinee</span> <span class='ocrx_word' id='word_1_318' title='bbox 721 4595 775 4635; x_wconf 89' lang='lat' dir='ltr'>sue</span> <span class='ocrx_word' id='word_1_319' title='bbox 810 4576 978 4637; x_wconf 90' lang='lat' dir='ltr'>recollecte</span> <span class='ocrx_word' id='word_1_320' title='bbox 1004 4597 1059 4657; x_wconf 92' lang='lat' dir='ltr'>per</span> <span class='ocrx_word' id='word_1_321' title='bbox 1085 4577 1263 4637; x_wconf 69' lang='lat' dir='ltr'>Seboldum</span> <span class='ocrx_word' id='word_1_322' title='bbox 1290 4578 1400 4659; x_wconf 71' lang='lat' dir='ltr'>Mayer</span> <span class='ocrx_word' id='word_1_323' title='bbox 1424 4579 1502 4639; x_wconf 85' lang='lat' dir='ltr'>alias</span> 
     </span>
    </p>
   </div>
   <div class='ocr_carea' id='block_1_3' title="bbox 237 4682 1501 4873">
    <p class='ocr_par' dir='ltr' id='par_1_9' title="bbox 237 4682 1501 4873">
     <span class='ocr_line' id='line_1_41' title="bbox 237 4682 1501 4763; baseline 0.002 -20"><span class='ocrx_word' id='word_1_324' title='bbox 237 4684 437 4763; x_wconf 88' lang='lat' dir='ltr'>capitaneum</span> <span class='ocrx_word' id='word_1_325' title='bbox 464 4683 546 4743; x_wconf 87' lang='lat' dir='ltr'>dicte</span> <span class='ocrx_word' id='word_1_326' title='bbox 577 4682 723 4757; x_wconf 86' lang='lat' dir='ltr'>civitatis,</span> <span class='ocrx_word' id='word_1_327' title='bbox 749 4696 776 4743; x_wconf 89' lang='lat' dir='ltr'>et</span> <span class='ocrx_word' id='word_1_328' title='bbox 796 4682 870 4761; x_wconf 84' lang='lat' dir='ltr'>qaia</span> <span class='ocrx_word' id='word_1_329' title='bbox 893 4682 1033 4763; x_wconf 83' lang='lat' dir='ltr'>prelatus</span> <span class='ocrx_word' id='word_1_330' title='bbox 1051 4682 1206 4743; x_wconf 72' lang='lat' dir='ltr'>Martinus</span> <span class='ocrx_word' id='word_1_331' title='bbox 1231 4683 1323 4757; x_wconf 78' lang='lat' dir='ltr'>iudea</span> <span class='ocrx_word' id='word_1_332' title='bbox 1344 4684 1501 4755; x_wconf 84' lang='lat' dir='ltr'>juramen-</span> 
     </span>
     <span class='ocr_line' id='line_1_42' title="bbox 241 4790 1501 4873; baseline 0.002 -22"><span class='ocrx_word' id='word_1_333' title='bbox 241 4808 308 4852; x_wconf 93' lang='lat' dir='ltr'>tum</span> <span class='ocrx_word' id='word_1_334' title='bbox 333 4792 392 4851; x_wconf 84' lang='lat' dir='ltr'>sibi</span> <span class='ocrx_word' id='word_1_335' title='bbox 419 4790 638 4871; x_wconf 88' lang='lat' dir='ltr'>adjudicatum</span> <span class='ocrx_word' id='word_1_336' title='bbox 663 4810 757 4873; x_wconf 88' lang='lat' dir='ltr'>super</span> <span class='ocrx_word' id='word_1_337' title='bbox 791 4790 897 4851; x_wconf 87' lang='lat' dir='ltr'>valore</span> <span class='ocrx_word' id='word_1_338' title='bbox 932 4790 1005 4851; x_wconf 89' lang='lat' dir='ltr'>dicti</span> <span class='ocrx_word' id='word_1_339' title='bbox 1033 4790 1097 4851; x_wconf 90' lang='lat' dir='ltr'>vini</span> <span class='ocrx_word' id='word_1_340' title='bbox 1130 4790 1169 4849; x_wconf 90' lang='lat' dir='ltr'>ad</span> <span class='ocrx_word' id='word_1_341' title='bbox 1195 4790 1408 4871; x_wconf 79' lang='lat' dir='ltr'>quadraginta</span> <span class='ocrx_word' id='word_1_342' title='bbox 1432 4790 1501 4855; x_wconf 91' lang='lat' dir='ltr'>flor.</span> 
     </span>
    </p>
   </div>
   <div class='ocr_carea' id='block_1_4' title="bbox 0 0 1748 5272">
    <p class='ocr_par' dir='ltr' id='par_1_10' title="bbox 0 0 1748 5272">
     <span class='ocr_line' id='line_1_43' title="bbox 0 0 1748 5272; baseline 0 0"><span class='ocrx_word' id='word_1_343' title='bbox 0 0 1748 5272; x_wconf 95' lang='lat' dir='ltr'> </span> 
     </span>
    </p>
   </div>
  </div>
 </body>
</html>
