3488 5272
661 333 746 389 Anno
769 328 862 409 1463.
888 366 927 375 -
952 347 998 392 11.
1022 334 1131 393 martii.

685 543 762 604 Item
790 544 971 625 Stephanus
994 560 1092 606 sutor.

685 649 762 710 Item
788 650 942 711 Nicolaus
966 652 1179 732 pancerarius.

685 756 761 816 Item
788 756 915 838 Radlyn
940 771 1051 819 sartor.

684 862 761 923 Item
786 863 898 924 Benko
923 864 1057 925 institor.

685 967 762 1029 Item
789 969 906 1030 Paulus
930 983 1041 1031 sartor.

685 1074 762 1135 Item
787 1075 912 1136 Blasius
936 1076 1071 1139 institor.

686 1181 763 1242 Item
789 1181 978 1243 Dominicus
1003 1182 1256 1267 Chehkoychyn.

684 1289 761 1350 Item
788 1287 969 1369 Stephanus
992 1303 1081 1351 sutor
1105 1290 1240 1354 italicus.

684 1395 762 1457 Item
789 1393 901 1455 Gurko
926 1395 1082 1476 plathnar.

681 1503 758 1564 Item
785 1502 921 1563 Mathias
945 1516 1046 1564 sartor
1069 1505 1212 1568 claudus.

685 1609 761 1670 Item
789 1609 906 1669 Paulus
931 1608 1124 1692 lagyehych.

683 1716 761 1777 Item
787 1714 940 1776 Clemens
964 1717 1102 1779 Keczlra.

685 1821 763 1882 Item
789 1820 957 1904 Philippus
981 1837 1069 1885 sutor
1095 1825 1346 1909 Tropchychyn.

685 1928 761 1989 Item
787 1927 972 1989 Anthonius
997 1928 1207 2014 Thermsych.

681 2035 758 2095 Item
784 2035 915 2117 Petrycz
941 2035 1077 2099 institor.

262 2276 343 2346 Item
374 2278 487 2346 eadem
518 2276 602 2345 IerIa
641 2283 737 2344 sexta
776 2281 853 2344 ante
882 2274 1004 2346 festum
1041 2278 1130 2347 beati
1162 2277 1331 2349 Valentini
1360 2275 1525 2350 martiris.

770 2428 832 2505 (11.
849 2429 1026 2503 februarii).

366 2571 442 2630 Item
477 2590 604 2630 causam
639 2568 874 2630 interfeccionis
907 2569 1062 2630 Iohannis
1093 2569 1149 2630 filii
1181 2571 1300 2633 Mathie
1326 2572 1365 2633 de
1391 2572 1525 2655 Dedych

260 2697 316 2758 per
341 2677 546 2737 Valentinum
573 2676 674 2737 lilium
701 2675 849 2755 Gregorii
876 2676 915 2736 de
933 2677 1052 2737 tenutis
1076 2697 1132 2737 seu
1157 2678 1322 2759 provincias
1347 2693 1523 2740 castrorum

261 2784 494 2865 Hrazthoycze,
520 2783 652 2842 nuncin
679 2782 839 2841 territorio
865 2782 947 2842 dicte
967 2783 1102 2843 civitatis
1127 2784 1207 2844 circa
1226 2785 1352 2845 vineam
1377 2804 1524 2846 commo·

262 2905 393 2964 rantem,
420 2891 449 2948 in
475 2889 635 2949 territori0
662 2888 804 2948 eiusdem
823 2888 958 2948 civitatis
976 2903 1021 2948 est
1039 2888 1232 2967 Interiectus,
1259 2890 1347 2970 quod
1372 2891 1439 2971 lpse
1463 2890 1524 2951 Va·

261 2998 400 3057 lentiuus
425 3013 541 3055 estare
568 2996 698 3076 proprio
717 2994 826 3071 lassus,
852 2995 1005 3074 quodque
1024 3010 1052 3054 et
1072 2997 1146 3055 certi
1166 3011 1261 3056 testes
1282 2994 1354 3056 sassi
1382 2995 1521 3075 fuerunt,

261 3103 349 3179 jurati
376 3103 652 3176 adjmlicaverunt,
678 3101 765 3180 qnod
791 3101 865 3179 quia
892 3100 955 3181 Ilva
991 3099 1074 3159 lilius
1100 3101 1247 3181 Gregorii
1274 3102 1312 3161 de
1339 3103 1421 3162 dicta
1448 3102 1523 3163 villa

261 3209 390 3290 Dedrch
418 3209 513 3268 l'rater
537 3208 791 3287 generacionalis
823 3207 966 3266 eiusdem
994 3207 1147 3267 Iohannis
1181 3209 1210 3267 in
1237 3229 1291 3268 sua
1318 3222 1348 3269 et
1372 3209 1519 3270 nmmum

261 3315 389 3375 Iratrum
417 3315 560 3374 eiusdem
587 3328 616 3373 et
641 3314 871 3394 proximorum,
905 3313 958 3391 qui
985 3313 1102 3372 dictam
1136 3329 1270 3374 mortem
1297 3316 1440 3375 eiusdem
1466 3316 1513 3376 lo·

262 3422 374 3480 hannis
392 3423 646 3501 prosequebatur
664 3419 797 3497 (contra)
816 3419 953 3478 eundem
972 3419 1190 3495 Valentinum,
1209 3424 1267 3481 suh
1285 3423 1397 3482 eculeo
1416 3438 1522 3483 nostre

260 3528 499 3587 communitatis
533 3528 561 3585 in
595 3527 677 3585 dieta
710 3526 836 3584 civitate
877 3540 971 3604 caput
1003 3527 1147 3585 eiusdem
1182 3528 1342 3587 Valentini
1376 3544 1522 3590 truncare

260 3652 315 3693 seu
341 3652 445 3692 secare
471 3632 585 3691 debeat
611 3645 641 3692 et
665 3630 826 3690 tenebitur
850 3629 958 3689 hodic.

405 3869 498 3940 leria
530 3882 625 3940 sexta
656 3867 807 3959 proxima
837 3879 915 3937 ante
944 3868 1067 3938 Iesturu
1096 3870 1246 3956 Gregorii
1277 3892 1369 3959 pape.

784 4032 845 4100 (11.
873 4021 1002 4095 naarai).

366 4163 441 4223 Item
468 4182 595 4222 causam
623 4163 701 4221 iuter
727 4160 926 4221 Anthonium
955 4160 1112 4242 (lhayltsn
1138 4162 1257 4221 <lictum
1285 4177 1313 4223 et
1341 4165 1452 4224 llerlelt
1472 4184 1521 4224 so·

260 4270 378 4329 rorium
405 4268 526 4328 domini
554 4268 727 4342 Ambrosii,
753 4267 918 4326 concivem
946 4281 1101 4342 nostrum,
1128 4268 1218 4345 jurati
1245 4270 1521 4347 adjudicaverunt,

259 4375 345 4456 quod
372 4375 446 4453 quia
473 4374 537 4453 ipse
564 4372 745 4432 :trithenius
778 4372 916 4432 evidenti
951 4373 1138 4432 testimonio
1171 4378 1392 4455 comprobarit
1418 4378 1448 4436 in
1475 4377 1521 4455 ju·

259 4480 342 4540 dicio
368 4498 473 4539 coram
501 4480 603 4552 nohis,
629 4479 715 4558 quod
743 4479 808 4559 ipse
836 4479 995 4537 llarnahas
1024 4480 1207 4558 propinavit
1232 4481 1336 4541 eidem
1356 4483 1522 4543 :lntlronio

258 4606 329 4647 curu
358 4605 466 4645 sorore
491 4605 546 4645 sua
572 4584 734 4665 quandam
768 4585 895 4644 vineam
926 4602 997 4643 eum
1031 4584 1170 4662 quadam
1197 4587 1350 4665 partitula
1376 4588 1466 4665 silve,
1491 4604 1521 4649 et

258 4692 358 4752 eciam
385 4692 442 4773 ipsi
468 4706 561 4751 testes
587 4690 729 4752 lecerunt
754 4704 854 4751 metas
877 4689 981 4749 eidem
1007 4690 1098 4750 siuee
1117 4703 1148 4750 et
1172 4693 1319 4752 crucibus
1343 4693 1520 4773 signarunt,

259 4800 331 4863 ideo
355 4813 481 4861 tenetur
506 4800 571 4882 ipse
598 4800 758 4861 Barnabas
782 4798 887 4859 eidem
912 4797 986 4857 dare
1016 4796 1123 4857 literas
1146 4799 1206 4857 suh
1231 4799 1339 4880 sigillo
1363 4801 1519 4879 cii¹itatis;
