3488 5272
244 286 309 347 474
648 263 848 344 Ann01478.
873 302 914 311 --
940 264 989 328 16.
1006 268 1098 343 junii.

246 479 305 542 fuit
330 481 369 540 ad
395 500 504 561 pacem
531 496 705 562 receptum,
729 480 783 542 sed
809 500 873 541 non
900 479 960 543 luit
983 500 1043 562 pax
1068 479 1176 542 medio
1203 494 1359 562 tempore,
1383 495 1414 541 et
1440 480 1509 561 ipse

246 587 348 647 anas
372 607 437 648 non
462 588 650 669 comparuit.

350 692 425 754 ltem
453 694 482 753 in
508 712 601 754 causa
627 694 708 755 inter
733 692 912 755 iohannem
930 693 1081 754 claudum
1106 707 1259 754 sartorem
1285 706 1316 754 et
1340 691 1507 773 Filippum

242 814 383 860 sutorem
409 819 466 880 pro
491 799 601 876 dom0,
634 799 739 860 eidem
772 798 910 860 lohanni
942 797 1034 880 jurati
1067 798 1331 877 adjudicaverunt
1364 813 1506 880 prestare

242 904 456 985 juramentum
482 906 512 965 in
539 925 590 966 ara
616 904 694 966 feria
725 905 821 967 tercia
856 906 1000 984 proxime
1024 921 1166 983 ventura,
1199 905 1286 986 quod
1318 924 1377 987 pro
1402 903 1505 965 domo

243 1010 303 1072 luit
327 1012 503 1072 convencio
527 1013 631 1072 solum
657 1031 714 1092 pro
744 1011 896 1072 tredecim
915 1010 1002 1087 flor.;
1028 1011 1103 1074 item
1122 1011 1269 1093 Filippus
1285 1011 1381 1073 debet
1398 1009 1504 1090 jurare

243 1118 273 1178 in
299 1137 351 1177 ara
376 1118 490 1179 eodem
517 1118 568 1179 die
593 1117 742 1179 videlicet
766 1115 843 1178 l'eria
867 1118 964 1179 tercia
993 1118 1148 1200 proxima,
1173 1118 1260 1198 quod
1285 1115 1426 1199 prefatus
1451 1116 1505 1177 Jo-

241 1223 361 1284 hannes
387 1244 449 1284 non
476 1224 564 1285 dedit
588 1224 616 1283 ei
642 1224 714 1304 plus
738 1224 796 1284 nisi
821 1244 874 1284 sex
899 1222 968 1284 flor.

348 1331 422 1392 ltem
450 1332 480 1391 in
506 1350 599 1391 rausa
624 1330 748 1391 domini
774 1330 902 1411 plebani
921 1350 992 1391 cum
1013 1329 1130 1392 Gwran
1156 1349 1214 1411 pro
1239 1329 1432 1411 quibusdam
1450 1349 1502 1390 ce·

240 1439 344 1520 pibus,
369 1438 462 1515 jurati
487 1435 750 1515 adjudicaverunt
775 1436 879 1496 eidem
899 1434 1018 1497 Gwran
1040 1436 1143 1516 jurare
1167 1437 1199 1497 in
1224 1455 1276 1497 ara
1301 1434 1378 1497 feria
1403 1435 1502 1497 tercia

241 1544 385 1625 proxime
410 1558 541 1603 ventura
567 1543 759 1619 mettercius,
795 1542 882 1623 quod
908 1542 974 1624 ipse
999 1561 1063 1602 non
1089 1542 1207 1623 recepit
1232 1560 1336 1623 neque
1360 1541 1503 1602 comedit

241 1649 323 1730 ipsas
348 1668 450 1729 cepes,
475 1667 579 1728 neque
604 1648 660 1708 scit
685 1649 756 1728 quis
780 1648 909 1729 recepit.

269 1848 363 1920 Feria
393 1853 498 1920 tercia
527 1848 677 1937 proxima
706 1859 781 1937 post
807 1850 929 1921 festum
957 1851 1133 1921 beatorum
1162 1847 1232 1920 Viti
1258 1858 1292 1921 et
1320 1848 1474 1922 Modesti.

769 2002 834 2080 (16.
851 2005 959 2078 junia).

345 2144 420 2204 Item
448 2163 573 2204 causam
608 2143 688 2203 inter
721 2143 884 2203 'l'liomam
917 2157 1057 2205 sutorem
1089 2157 1120 2204 et
1143 2140 1300 2204 famulum
1325 2162 1418 2204 suum
1451 2162 1500 2202 ra·

238 2252 329 2311 cione
355 2264 385 2311 et
411 2264 554 2329 pretextu
580 2249 746 2309 cuiusdam
773 2250 846 2328 equi
872 2249 1068 2330 periuratos
1091 2249 1318 2327 adjudicatam,
1342 2247 1427 2309 idem
1453 2246 1499 2309 la·

237 2357 343 2417 mulus
368 2357 511 2417 eiusdem
537 2355 665 2415 Tliome
699 2355 737 2414 de
770 2355 889 2433 judicio
914 2356 1088 2433 juratorum
1122 2375 1186 2416 non
1211 2369 1379 2416 contentus
1403 2369 1434 2416 et
1458 2355 1499 2416 ad

236 2463 377 2523 seniores
409 2462 529 2541 judices
561 2462 766 2541 appellatam,
799 2462 940 2521 seniores
971 2462 1091 2539 judices
1115 2461 1378 2540 adjudicaverunt
1410 2461 1499 2542 quod

237 2569 303 2648 ipse
327 2569 481 2627 solusmet
506 2567 600 2627 debet
633 2566 734 2640 jurare
767 2568 798 2627 in
824 2587 876 2627 ara
901 2583 1006 2627 sancte
1032 2567 1155 2644 Crucis,
1187 2566 1372 2648 quodcum
1398 2566 1499 2630 ville*

238 2695 292 2755 per
316 2694 405 2733 suam
431 2675 590 2733 maliciam
617 2693 735 2752 equum
765 2674 907 2733 eiusdem
934 2673 1062 2734 'l'home
1088 2693 1152 2734 non
1177 2674 1324 2755 perdidit.

343 2780 418 2840 lteru
445 2800 570 2839 causam
606 2780 686 2839 inter
713 2780 852 2839 lilasium
886 2795 1037 2839 sartorem
1071 2794 1100 2840 et
1132 2781 1235 2840 socios
1259 2799 1333 2840 suos
1357 2782 1396 2841 ab
1422 2800 1497 2858 una,

236 2889 275 2946 ab
300 2888 397 2946 altera
416 2906 491 2945 vero
511 2887 692 2965 l‘lailippum
714 2887 836 2968 l)udey
855 2887 982 2946 racione
1001 2887 1197 2966 recepciouis
1218 2885 1382 2947 cuiusdam
1401 2887 1496 2947 musti

238 3012 293 3071 per
319 2992 436 3063 itaratos
461 2992 673 3063 adjudicatam
708 3009 736 3052 et
770 3013 825 3073 per
857 2993 994 3053 eundem
1023 2992 1205 3073 l’liilippum
1239 2991 1354 3073 l)udey
1378 2992 1417 3052 ad
1450 3013 1497 3054 se·

237 3098 342 3156 niort-s
368 3098 486 3167 iudices
512 3098 716 3177 appellatam,
751 3100 892 3158 seniores
917 3100 1037 3177 judiees
1069 3100 1332 3179 adjudicaverunt
1366 3114 1397 3160 et
1422 3119 1498 3160 con-

237 3202 439 3262 lirniarerunt
469 3204 621 3273 iudicium
649 3204 835 3277 juratorum.

342 3309 417 3367 lteru
444 3329 571 3368 causam
591 3310 670 3369 iuter·
689 3311 850 3369 Andrean]
870 3312 1023 3391 llratreni)
1042 3312 1165 3372 domini
1184 3312 1321 3373 condam
1340 3312 1496 3373 iohannis

235 3414 412 3492 presbiteri,
438 3417 476 3473 ab
503 3436 575 3489 titia,
602 3418 744 3495 partibus
771 3437 845 3476 vero
869 3420 907 3476 ab
942 3418 1038 3477 altera
1066 3417 1208 3495 Gallum,
1233 3419 1440 3479 Valentinum
1463 3435 1494 3481 et

235 3517 370 3578 conclaui
402 3522 556 3579 liricciuni
585 3522 702 3593 juratos
732 3523 858 3582 racione
892 3538 921 3583 et
947 3538 1091 3603 pretextu
1124 3525 1288 3585 cuiusdam
1315 3545 1415 3587 avene
1440 3546 1496 3607 per

235 3625 352 3701 juratos
385 3626 598 3697 adjudicatam
633 3643 661 3687 et
695 3648 749 3708 per
781 3630 918 3688 etnnlern
954 3630 1083 3690 (lullum
1119 3631 1254 3706 juratum
1290 3633 1320 3692 in
1344 3653 1399 3693 sua
1425 3652 1495 3714 per·

234 3752 310 3790 sona
336 3732 375 3791 ad
401 3733 541 3792 seniores
567 3733 686 3805 iudices
704 3736 907 3815 appellatam,
927 3738 1067 3797 seniores
1085 3738 1205 3813 judices
1230 3738 1495 3815 adjudicaverunt

235 3850 262 3895 et
289 3836 555 3898 confirmaverunt
583 3840 736 3915 judicium
764 3841 949 3913 juratorum.

342 3945 415 4003 ltcni
443 3964 568 4004 causam
596 3947 676 4005 inter
695 3948 854 4008 :indicam
876 3951 1028 4029 (lratreni)
1047 3950 1169 4009 domini
1196 3949 1350 4010 lobannis
1374 3951 1493 4031 presbi-

234 4050 290 4107 teri
318 4064 346 4106 et
380 4051 546 4111 Nicolaum
583 4051 735 4111 lloru'atlt
771 4056 897 4114 racione
930 4072 958 4115 et
1004 4072 1147 4137 pretextu
1180 4057 1344 4116 cuiusdam
1378 4056 1494 4118 domus

234 4152 446 4215 Guralcouicz
484 4180 539 4237 per
574 4158 692 4236 juratos
730 4161 944 4231 adjudicatam
982 4179 1011 4223 et
1055 4184 1109 4243 per
1145 4164 1283 4222 eundem
1322 4164 1491 4224 Nicolaum

236 4258 388 4319 lloruatlr
415 4263 452 4319 ad
479 4265 620 4324 seniores
644 4264 764 4342 judices
789 4270 991 4347 appellatam,
1021 4270 1161 4328 seniores
1187 4269 1306 4343 iudices
1330 4270 1492 4347 adjudica·

233 4382 356 4437 rerum,
383 4368 469 4445 cptiocl
497 4382 502 4435 ιζ
511 4370 552 4443 id,
578 4370 678 4449 quod)
697 4375 855 4450 superllue
880 4375 1064 4433 remanserit
1083 4395 1177 4456 super
1195 4377 1267 4436 illos
1284 4391 1404 4456 septem
1423 4375 1491 4437 flor.

234 4486 262 4529 et
288 4488 414 4531 centuni
441 4475 589 4533 ‹leriarios
607 4480 815 4549 wienneuses,
843 4479 926 4538 idern
946 4482 1090 4539 Andreas
1107 4497 1136 4541 ct
1154 4483 1306 4543 Nicolaus
1326 4482 1491 4560 lloru'atlt,

232 4579 362 4657 quatrdo
388 4580 503 4639 domus
528 4584 693 4659 tendetur,
720 4586 800 4645 inter
824 4606 856 4644 se
882 4587 1025 4646 dividere
1051 4586 1224 4649 habebunt.

341 4745 347 4757 '
369 4739 420 4789 vile
441 4762 470 4781 ..-
493 4740 564 4789 lurca
583 4743 703 4794 bicornis.
