3488 5272
238 348 300 430 338
644 351 731 410 Anno
755 347 850 429 1468.
876 386 917 394 —
940 366 992 411 20.
1015 352 1096 413 maii.

238 563 352 645 Elyam
378 564 453 644 quia
479 563 672 646 vituperavit
696 562 835 623 eundem
863 563 894 623 in
921 562 1041 641 judicio
1058 581 1166 624 coram
1191 561 1298 642 judice
1321 582 1380 645 pro
1404 565 1513 625 tribu·

237 669 301 729 nali
326 669 456 731 sedente
482 670 513 730 in
540 669 652 750 viginti
678 669 785 751 pensis
808 668 1015 730 denariorum
1041 684 1071 730 et
1095 683 1205 731 contra
1222 668 1362 750 judicem
1387 669 1420 731 in
1447 670 1510 731 du·

237 776 337 835 centis
361 775 511 837 denariis.

344 882 420 942 Item
445 901 572 943 causam
600 882 681 942 inter
706 880 897 941 Michaelem
924 881 1086 942 literatum
1110 879 1213 942 filium
1239 880 1375 943 Emerici
1401 881 1507 943 Fran-

237 988 333 1069 czych
360 988 492 1065 dictum,
517 989 556 1049 ab
581 1008 655 1065 una,
680 987 759 1048 olim
784 987 926 1047 concivis
950 988 1061 1065 nostri,
1079 1001 1110 1048 et
1135 988 1217 1049 inter
1240 987 1420 1049 iohannem
1446 988 1508 1049 Pe-

238 1094 377 1175 ron'ych,
403 1094 610 1155 Valentinum
637 1091 778 1175 Saroych
811 1106 841 1154 et
867 1092 1030 1155 Thomam
1063 1092 1256 1175 lreniparem
1291 1094 1434 1155 seniores
1457 1094 1508 1175 ju-

237 1200 334 1277 dices,
359 1215 544 1262 executores
568 1200 705 1261 condam
732 1199 856 1260 Nicolai
875 1198 1047 1277 Chwthlro,
1073 1200 1201 1261 racione
1219 1199 1385 1261 cuiusdam
1409 1199 1507 1262 vinee

239 1307 269 1367 in
294 1307 455 1369 territorio
480 1307 562 1368 dicte
587 1306 723 1367 civitatis
746 1306 867 1383 habite,
892 1325 988 1386 quam
1024 1306 1092 1388 ipse
1117 1306 1255 1368 Michael
1279 1307 1338 1367 sibi
1364 1307 1505 1388 legatam

238 1413 376 1489 dicebat,
402 1412 493 1490 jurati
520 1412 624 1473 taliter
642 1411 876 1489 adjudicarunt,
900 1412 988 1492 quod
1007 1412 1084 1493 quia
1110 1413 1177 1493 ipse
1195 1411 1332 1474 Michael
1358 1412 1505 1475 literatus

239 1519 269 1578 in
295 1518 414 1597 judicio
439 1538 547 1580 coram
573 1519 666 1579 nobis
691 1538 749 1579 nec
774 1518 890 1594 literas,
920 1538 1025 1599 neque
1050 1533 1289 1595 testamentum,
1314 1538 1419 1599 neque
1443 1533 1506 1579 tes·

237 1625 322 1685 tibus
347 1628 557 1706 comprobare
583 1639 613 1685 et
630 1625 735 1685 dicere
761 1638 791 1685 et
808 1623 1027 1687 demonstrare
1051 1644 1116 1685 non
1142 1625 1257 1707 potuit,
1275 1625 1348 1685 ideo
1374 1625 1505 1686 racione

238 1731 476 1812 prosecucionis
501 1731 584 1792 dicte
609 1732 702 1793 vinee
728 1731 787 1812 ipsi
813 1730 963 1792 Michaeli
989 1745 1181 1812 perpetuum
1206 1730 1374 1793 silencium
1401 1731 1507 1814 impo-

236 1837 369 1914 suimus,
396 1857 454 1897 nec
479 1852 589 1898 contra
624 1838 708 1919 ipsos
740 1852 926 1899 executores
959 1838 1082 1898 nullam
1115 1856 1243 1898 causam
1268 1838 1440 1919 prosequi3
1464 1837 1505 1899 de

238 1962 303 2024 quo
328 1942 448 2023 judicio
474 1944 616 2025 ipsorum
634 1944 810 2023 juratorum
839 1944 904 2026 ipsc
927 1944 1064 2005 llichael
1082 1964 1146 2004 non
1172 1956 1342 2005 contentus
1366 1944 1504 2005 eandem

238 2069 364 2111 causam
389 2050 563 2132 appellavit
587 2051 625 2111 ad
651 2051 793 2111 seniores
817 2049 947 2131 judices.

344 2156 420 2217 ltem
455 2176 582 2217 causam
616 2157 697 2218 inter
725 2158 843 2218 Lucam
876 2171 1029 2217 sartorem
1056 2170 1086 2217 et
1118 2157 1199 2218 inter
1230 2155 1430 2218 Anthonium
1457 2155 1505 2235 ju-

238 2262 341 2323 dicem
367 2264 495 2324 racione
528 2263 744 2344 quorumdam
780 2263 995 2346 dampnorum
1028 2277 1058 2325 et
1091 2263 1291 2344 injuriarum,
1323 2282 1403 2344 quas
1436 2263 1505 2343 ipse

238 2368 341 2429 Lucas
364 2369 422 2430 sibi
449 2389 504 2450 per
529 2368 686 2449 prelatum
713 2369 914 2430 Anthonium
934 2369 993 2430 sibi
1021 2368 1123 2429 illatas
1148 2369 1274 2430 dicebat
1298 2384 1328 2430 et
1351 2386 1389 2429 se·
1409 2387 1503 2450 posse

238 2477 459 2555 comprobare,
485 2476 550 2556 ipse
585 2476 688 2535 lucas
720 2478 931 2556 comprobare
964 2494 1069 2555 neque
1101 2475 1270 2537 testificare
1296 2495 1359 2536 non
1385 2475 1505 2556 potuit,

238 2581 311 2642 ideo
337 2582 402 2662 ipse
429 2583 531 2642 Lucas
555 2583 721 2643 convictus
745 2597 790 2643 est
815 2598 924 2643 contra
948 2583 1052 2663 ipsum
1077 2582 1280 2644 Anthonium
1305 2581 1444 2661 judicem
1471 2582 1503 2642 in

237 2687 311 2747 vivo
337 2688 488 2768 homagio
512 2688 574 2748 hoc
599 2703 645 2749 est
680 2688 710 2748 in
744 2688 855 2768 viginti
886 2689 1030 2769 quinque
1064 2690 1195 2764 marcis;
1218 2688 1258 2749 de
1292 2708 1357 2769 quo
1381 2688 1504 2769 judicio

239 2793 303 2874 ipse
332 2795 433 2855 lucas
459 2814 523 2854 non
549 2808 718 2855 contentus
742 2795 780 2854 ad
806 2795 948 2855 seniores
972 2795 1146 2876 appellavit
1170 2794 1300 2873 judices.

344 2901 419 2963 ltem
446 2921 571 2961 causam
592 2901 672 2961 inter
697 2900 824 2961 Petrum
844 2900 1031 2962 Barbetium
1056 2916 1086 2961 et
1118 2901 1198 2961 inter
1223 2900 1351 2961 Petrum
1372 2900 1504 2979 Dragin,

238 3027 273 3066 ex
300 3028 338 3067 eo
363 3008 436 3088 quia
463 3009 527 3089 ipse
554 3009 664 3069 Petrus
689 3008 826 3084 dicebat,
851 3008 938 3088 quod
965 3009 1030 3089 ipse
1057 3007 1296 3067 dehonestasset
1320 3021 1502 3067 consortem

238 3132 327 3172 suam
354 3129 383 3173 et
408 3114 468 3174 lioc
494 3118 705 3194 comprobare
731 3114 850 3188 voluit,
876 3129 906 3175 et
931 3115 1005 3194 quia
1032 3114 1097 3194 ipsc
1129 3114 1239 3174 l‘etrus
1264 3127 1371 3173 contra
1398 3113 1502 3193 ipsum

241 3220 366 3279 l‘etrum
393 3222 602 3301 comprobare
628 3240 692 3280 non
719 3220 833 3301 potuit,
855 3220 1019 3280 convictus
1044 3235 1088 3279 est
1107 3220 1174 3300 ipse
1201 3220 1311 3279 Petrus
1336 3219 1502 3280 barberius

239 3327 268 3385 iu
296 3327 369 3386 vivo
395 3328 565 3406 homagio,
598 3328 636 3386 de
663 3347 727 3407 quo
754 3327 872 3401 judicio
906 3328 971 3407 ipse
998 3327 1109 3386 Petrus
1140 3326 1304 3387 liutherius
1329 3346 1393 3386 non
1427 3345 1502 3386 con·

238 3448 343 3493 tentus
366 3434 502 3494 eandem
529 3453 657 3494 eausam
681 3434 719 3493 ad
744 3434 886 3494 seniores
914 3433 1087 3514 appellavit
1114 3433 1244 3512 judices.

345 3540 420 3599 ltem
439 3560 565 3600 causam
593 3542 673 3601 inter
691 3554 871 3601 consortem
891 3540 1094 3620 Stephanyclr
1113 3540 1204 3619 jurati
1231 3554 1261 3600 et
1279 3540 1360 3600 inter
1385 3538 1499 3620 Elyam

239 3643 377 3705 fusorem
412 3667 638 3727 campanarum
674 3646 801 3706 racione
834 3646 1048 3727 peraraciouis
1082 3646 1247 3705 cuiusdam
1283 3660 1375 3719 terre,
1404 3664 1502 3724 quam

239 3752 303 3830 ipse
331 3753 425 3833 lilyns
451 3753 576 3812 dicebat
599 3752 657 3812 sibi
685 3752 823 3832 perarari
849 3751 955 3811 datam
982 3772 1037 3832 per
1056 3772 1186 3812 uxorem
1214 3752 1311 3831 ipsius
1337 3750 1502 3831 Stephani,

238 3872 267 3916 et
293 3859 349 3937 ipsi
378 3860 465 3918 uxori
494 3858 696 3939 Stepltanyclr
723 3858 782 3918 luit
814 3857 1032 3933 adiudicatum
1066 3857 1292 3935 juramentum,
1321 3858 1409 3938 quod
1436 3858 1502 3938 ipsa

238 3984 301 4024 non
329 3964 415 4024 dedit
442 3985 586 4046 perarate
613 3967 712 4045 ipsam
746 3979 873 4042 terram,
903 3978 1041 4045 prestare
1073 3965 1220 4039 debebat,
1246 3984 1342 4044 quarn
1370 3981 1502 4024 uxorem

239 4071 337 4150 ipsius
363 4071 578 4151 Stepliunyclr,
603 4072 646 4130 sic
672 4084 705 4131 ut
723 4070 855 4148 jurasset
880 4085 908 4131 et
934 4092 990 4152 pro
1009 4071 1111 4144 jurato
1137 4072 1319 4146 dimisisset,
1345 4070 1417 4129 ideo
1436 4069 1502 4150 ipse

240 4178 335 4255 lilius
360 4179 524 4236 convictus
549 4191 593 4237 est
620 4178 650 4236 in
670 4176 752 4236 lacto
770 4178 917 4257 potencie
947 4192 1055 4238 contra
1075 4178 1173 4258 ipsam
1201 4197 1332 4237 uxorem
1358 4176 1502 4237 eiusdem

239 4284 460 4364 Stephanych3
486 4284 524 4343 cle
550 4303 615 4363 quo
641 4283 760 4351 iudicio
787 4285 853 4364 ipse
873 4283 968 4364 lilyas
991 4304 1054 4343 non
1081 4297 1250 4344 contentus
1267 4283 1403 4343 eundem
1428 4302 1503 4342 cau·

237 4410 303 4448 sam
329 4391 502 4470 appellavit
529 4391 567 4449 ad
593 4392 734 4451 seniores
760 4390 889 4463 judices.

345 4496 420 4556 ltem
446 4497 519 4575 quia
548 4496 657 4556 l‘etrus
681 4516 779 4577 gener
809 4494 966 4577 l'eichych
999 4511 1108 4557 contra
1134 4496 1332 4577 Stephanum
1358 4496 1503 4556 scolasti-

238 4621 309 4662 cum
336 4602 440 4681 primo
464 4601 577 4662 citatus
602 4622 666 4662 non
692 4602 871 4683 comparuit
898 4602 928 4661 in
954 4600 1074 4680 judicio
1099 4621 1205 4663 coram
1232 4604 1335 4666 nobis.

345 4708 420 4768 ltem
450 4708 525 4786 quia
558 4708 718 4789 Georgius
750 4708 889 4789 agricola
923 4723 1031 4769 contra
1066 4706 1175 4770 iratres
1206 4709 1305 4769 sancti
1342 4708 1501 4769 Francisci

238 4814 342 4894 primo
367 4813 479 4873 citatus
503 4815 683 4895 comparuit
708 4814 739 4875 in
765 4814 884 4894 judicio
908 4833 1015 4875 coram
1042 4815 1146 4892 nobis,
1170 4814 1230 4895 ipsi
1255 4828 1363 4875 autem
1390 4813 1502 4875 iratres

233 4938 301 4981 non
326 4932 576 5003 comparuerunt
600 4937 708 4982 eornm
734 4921 839 4983 nobis.
