3488 5272
241 328 301 393 37²
620 312 820 388 Ann01470.
849 345 889 355 —
907 325 961 388 31.
985 312 1112 385 augusti.

344 521 421 582 ftenr
446 521 593 582 similiter
626 522 764 582 Jacobus
794 535 883 583 sutor
912 541 1076 583 successor
1107 521 1246 584 condam
1277 521 1361 583 Petri
1386 522 1512 584 sutoris

238 626 366 689 racione
391 627 490 709 ipsius
514 628 601 687 canis
626 626 729 708 jurare
754 629 914 689 tenebitur
938 641 1026 690 etse
1051 647 1240 711 expurgare.

345 733 422 796 Item
448 752 575 796 causam
594 734 675 795 inter
699 733 865 796 Vrbanum
888 754 1043 814 generum
1061 733 1246 817 Wenthych
1266 748 1297 797 et
1321 734 1405 796 inter
1420 733 1509 797 Gur-

239 841 356 902 honem
390 839 582 922 freniparem
623 859 839 903 successorem
871 841 1076 924 Wenthych,
1108 841 1235 903 racione
1267 841 1508 903 verberacionis

238 967 295 1030 per
320 949 423 1028 ipsum
449 945 636 1008 Gurkonem
661 967 755 1029 super
780 948 885 1029 ipsum
910 948 1075 1010 Vrbanum
1106 946 1197 1026 facte,
1221 947 1316 1030 jurati
1340 946 1509 1026 adjudica·

239 1066 322 1132 runt,
347 1053 435 1134 quod
467 1053 534 1134 ipse
567 1051 710 1135 Gywrho
742 1054 866 1115 solvere
898 1055 1060 1116 tenebitur
1089 1055 1193 1116 eidem
1226 1053 1357 1115 Vrbano
1390 1054 1507 1135 viginti

238 1161 381 1240 quinque
407 1179 521 1241 pensas
545 1159 752 1221 denariorum
778 1173 809 1220 et
832 1160 960 1222 medico
990 1160 1181 1238 satisfacere,
1206 1159 1300 1221 nobis
1324 1178 1401 1220 vero
1418 1178 1508 1221 com·

238 1265 385 1327 munitati
412 1265 555 1347 quinque
581 1284 705 1346 pensas.

343 1374 420 1434 ltem
446 1392 574 1434 causam
599 1373 681 1435 inter
710 1372 927 1456 Gywrkonem
962 1386 993 1434 et
1016 1373 1181 1434 Thomam
1204 1387 1340 1451 sutores,
1364 1386 1396 1434 et
1419 1372 1503 1434 inter

240 1479 354 1562 Elyam
380 1478 520 1540 fusorem
546 1499 774 1561 campanarum
792 1480 920 1541 racione
948 1478 1156 1559 allegacionis
1184 1498 1239 1561 per
1262 1479 1367 1561 ipsum
1386 1478 1501 1561 Efyam

238 1586 326 1667 quod
353 1586 419 1666 ipse
445 1585 591 1646 Thomas
614 1600 677 1647 tres
701 1585 849 1646 homines
874 1583 1083 1647 interfecisset
1108 1599 1139 1647 et
1163 1584 1396 1667 appelfacionis
1418 1584 1507 1666 ipsos

238 1693 398 1775 predones
423 1706 453 1753 et
478 1692 628 1770 latrones,
654 1692 712 1774 ipsi
732 1692 952 1753 demonstrare
969 1692 1164 1753 tenebuntur
1180 1692 1211 1752 in
1237 1691 1343 1774 primo
1368 1678 1503 1774 judicio,

236 1818 297 1881 pro
322 1818 361 1859 eo
385 1812 556 1880 prorogata
581 1812 628 1860 est
651 1818 746 1860 causa
770 1798 810 1860 ad
836 1799 978 1881 primum
1003 1796 1170 1878 judicium.

240 2016 337 2091 feria
366 2026 463 2091 sexta
503 2021 656 2108 proxima
692 2026 767 2108 post
801 2020 925 2092 festum
954 2015 1195 2090 Deenlfacionis
1223 2016 1312 2090 beati
1340 2017 1506 2107 Johannis

784 2144 947 2233 Baptista.

748 2300 813 2373 (31.
837 2294 982 2376 augrrstr).

344 2434 424 2497 Item
449 2435 575 2498 Blasius
599 2435 786 2518 Ztenychhy
813 2449 921 2497 contra
947 2434 1149 2497 Clementem
1176 2433 1371 2517 Symwnych
1397 2435 1507 2516 primo

240 2542 363 2619 citatus,
388 2542 437 2603 cui
463 2542 655 2603 commisum
681 2554 727 2603 est
751 2541 819 2601 dies
843 2542 983 2623 primum
1016 2540 1185 2620 judicium,
1211 2554 1242 2602 et
1265 2539 1353 2601 idem
1379 2541 1506 2602 Blasius

239 2669 303 2710 non
329 2649 511 2729 comparuit
534 2648 574 2708 ad
603 2648 876 2729 respondendum.

345 2754 422 2816 item
440 2774 567 2816 causam
587 2755 668 2815 inter
685 2753 848 2814 Thomam
874 2753 1008 2815 Cheden
1027 2769 1058 2815 et
1083 2755 1163 2816 inter
1181 2755 1325 2815 Marcum
1343 2755 1504 2816 Venetum

237 2862 367 2923 racione
392 2860 629 2921 verberacionis
662 2860 780 2941 alapas,
814 2860 889 2940 quia
924 2860 990 2941 ipse
1016 2861 1149 2921 Cheden
1180 2860 1404 2940 comprobavit
1429 2879 1503 2921 curn

238 2967 369 3027 domina
389 2966 562 3027 Katherina
589 2966 697 3026 relicta
715 2966 853 3026 condam
877 2966 1017 3044 Matheo,
1035 2986 1119 3027 nunc
1137 2986 1213 3027 vero
1238 2981 1385 3027 consorte
1404 2965 1502 3027 Blasii

239 3074 403 3151 institoris,
427 3072 574 3133 moderni
600 3071 705 3151 jurati,
731 3073 818 3153 quod
844 3074 910 3154 ipse
941 3075 1066 3133 hiarcus
1091 3074 1246 3154 percussit
1270 3074 1388 3154 alapas,
1420 3091 1501 3154 quo·

239 3179 323 3240 niam
351 3178 416 3259 ipse
441 3178 588 3239 Thomas
605 3178 738 3239 Cheden
765 3179 895 3240 debebit
912 3178 1014 3259 jurare
1033 3180 1260 3239 secundusmet
1277 3198 1349 3240 cum
1368 3198 1504 3259 persona

238 3286 297 3345 sihi
324 3284 420 3345 simifi
440 3284 527 3365 quod
546 3285 612 3365 ipse
631 3286 784 3365 percussit
802 3305 874 3345 eum
888 3307 895 3349 ;
909 3300 939 3345 et
953 3286 1030 3345 dum
1050 3285 1176 3363 jurabit,
1194 3300 1270 3346 tunc
1296 3286 1362 3366 ipse
1377 3286 1504 3346 Marcus

238 3392 446 3452 convincetur
471 3405 579 3451 contra
606 3392 709 3472 ipsum
736 3391 869 3452 Cheden
894 3392 923 3451 in
945 3392 1057 3470 viginti
1083 3392 1228 3472 quinque
1254 3392 1368 3452 marcis
1390 3411 1427 3451 ex
1453 3411 1504 3470 eo,

238 3498 325 3579 quod
352 3498 485 3558 violavit
509 3496 652 3578 frangam
678 3518 733 3559 seu
764 3498 943 3559 libertatem
978 3494 1035 3557 fori
1062 3499 1221 3575 annualis,
1247 3513 1276 3558 et
1302 3499 1431 3559 debebit
1457 3499 1504 3579 ju·

238 3623 306 3664 rare
332 3602 408 3665 feria
434 3617 519 3664 sexta
546 3604 575 3663 in
603 3604 711 3683 vigilia
738 3604 806 3665 festi
834 3603 1015 3664 Nativitatis
1046 3604 1137 3663 beate
1164 3604 1263 3665 Marie
1289 3605 1439 3684 r·irginis;
1465 3604 1504 3665 de

238 3728 304 3791 quo
330 3708 450 3789 judicio
468 3708 644 3787 juratorum
670 3730 734 3769 non
753 3723 923 3771 contentus
941 3710 1006 3790 ipse
1025 3710 1151 3770 Marcus
1175 3712 1350 3791 appellavit
1366 3710 1502 3771 eandem

238 3835 365 3876 causam
391 3815 431 3875 ad
456 3815 598 3876 seniores
622 3815 752 3893 judices.

345 3921 422 3982 item
449 3922 529 3982 inter
557 3920 679 3981 Francz
711 3921 812 3983 filium
839 3922 1044 4005 Bankowych
1078 3924 1205 3984 racione
1234 3924 1399 3985 cuiusdam
1426 3924 1502 4005 equi

238 4028 406 4106 interfecti,
431 4048 488 4111 pro
514 4048 579 4109 quo
604 4027 664 4090 fuit
680 4029 897 4106 adjudicatum
921 4030 1135 4107 juramentum
1161 4031 1347 4091 hominibus
1374 4032 1413 4091 de
1440 4032 1499 4092 Po·

237 4136 349 4218 bresye
374 4150 404 4196 et
432 4135 625 4215 juraverunt,
652 4136 740 4215 quod
766 4136 832 4217 ipse
864 4136 984 4197 Francz
1014 4137 1115 4212 jurare
1143 4138 1304 4198 tenebitur
1329 4151 1502 4199 sextusmet

238 4242 350 4303 eadem
376 4240 453 4302 feria
477 4255 575 4319 sexta,
600 4241 688 4322 quod
707 4242 773 4323 ipse
799 4262 862 4302 non
886 4242 1043 4303 interfecit
1060 4262 1180 4323 equum
1208 4244 1327 4304 nobilis
1352 4242 1500 4322 Gregorii

238 4348 339 4409 soceri
367 4346 529 4423 Bradach;
554 4347 593 4408 de
618 4367 684 4428 quo
709 4348 830 4428 judicio
859 4347 1034 4426 juratorum
1070 4368 1134 4409 non
1160 4363 1342 4425 contentus,
1368 4348 1503 4410 eandem

237 4473 364 4515 causam
390 4453 565 4535 appellavit
588 4455 628 4515 ad
649 4454 792 4515 seniores
816 4452 936 4532 judices
962 4454 1028 4534 ipse
1053 4455 1184 4517 Francz.

344 4559 420 4620 item
446 4579 573 4621 causam
599 4562 681 4623 inter
707 4560 841 4622 Suskam
860 4574 890 4620 et
912 4559 1067 4619 iacobum
1093 4575 1233 4622 sutorem
1253 4562 1381 4622 racione
1399 4562 1502 4622 cuius-

239 4666 313 4727 dam
330 4666 406 4749 palii
425 4680 456 4727 et
480 4665 575 4727 unius
591 4668 710 4746 tunice,
734 4685 831 4748 quam
857 4666 924 4747 ipse
942 4666 1132 4745 promiserat
1156 4666 1231 4727 dare
1249 4668 1339 4728 uxori
1358 4667 1502 4728 eiusdem

238 4772 360 4851 iacobi,
376 4772 470 4855 jurati
496 4772 762 4855 adjudicaverunt
781 4771 947 4835 extradere
972 4770 1038 4852 ipsa
1056 4772 1245 4834 vestimenta
1263 4786 1294 4833 et
1317 4774 1384 4855 ipsa
1402 4774 1503 4835 Suska
