3488 5272
682 331 882 408 Anno1452,
907 365 947 375 —-
972 345 1020 392 12.
1045 332 1124 393 mari.

266 543 298 604 in
323 563 362 605 eo
386 541 605 624 adjudicatum
621 543 758 624 prestitit
782 557 813 604 et
837 542 987 626 deposuit
1010 544 1063 605 tali
1083 543 1193 623 modo,
1218 558 1253 605 ut
1273 544 1340 627 ipse
1366 544 1533 605 Emericus

266 646 390 731 prelato
415 648 544 710 Thome
567 646 706 710 carnifici
732 667 832 711 unum
858 647 1016 711 florenum
1035 649 1191 712 debitoris
1217 650 1433 731 obligaretur;
1458 648 1532 710 ideo

267 760 372 836 ipsum
397 754 561 816 Thomam
586 752 767 816 carnificem
791 774 886 837 super
911 755 1118 838 deposicione
1143 756 1243 838 ipsius
1267 756 1437 836 juramenti
1462 754 1532 816 red-

267 860 409 923 didimus
432 859 501 923 fore
525 860 721 944 expeditum,
754 861 815 944 ipsi
848 875 956 924 nutem
982 862 1131 924 Emerico
1156 862 1188 922 id
1220 861 1414 944 judicialiter
1445 880 1532 923 conr·

267 968 414 1030 misimus
437 981 472 1030 ut
495 967 600 1050 ipsum
625 966 784 1029 florenum
809 968 876 1029 auri
895 968 1074 1050 predictum
1100 967 1223 1050 prelato
1240 968 1370 1030 Thome
1393 965 1532 1030 carnifici

267 1093 369 1156 usque
393 1074 636 1156 quindecimum
661 1074 747 1136 diem
773 1062 955 1156 persolvere
975 1074 1072 1137 debet
1095 1074 1181 1156 juxta
1205 1073 1364 1156 justiciam
1390 1087 1532 1136 nostram

267 1181 512 1264 privilegiatam.

374 1287 451 1349 ltem
476 1288 552 1369 quia
576 1287 679 1350 Elena
696 1287 805 1349 relicta
830 1287 968 1349 condam
986 1287 1115 1370 Mathye
1140 1287 1256 1349 sutoris
1273 1287 1356 1368 nigri
1375 1287 1406 1348 in
1431 1286 1532 1348 mani·

268 1392 349 1456 festo
373 1391 536 1456 lurticinio
560 1406 718 1456 certarum
743 1393 952 1475 pecuniarum
985 1392 1153 1455 cuiusdam
1179 1393 1262 1455 Petri
1286 1393 1404 1456 sutoris
1426 1392 1533 1455 taliter

267 1513 391 1583 reperta
416 1515 473 1580 est,
508 1499 597 1582 quod
622 1500 689 1583 ipsa
714 1513 788 1561 octo
811 1519 926 1581 pensas
950 1499 1157 1562 denariorum
1181 1500 1416 1561 wiennensium
1434 1499 1533 1582 ipsius

268 1606 350 1669 Petri
375 1606 491 1668 sutoris
514 1608 554 1668 ab
579 1606 695 1668 eodem
721 1606 814 1668 Petro
838 1621 945 1668 sutore
970 1606 1236 1670 certitudinaliter
1259 1607 1431 1684 subtraxit3
1456 1606 1530 1669 ideo

267 1715 368 1796 ipsam
393 1733 451 1795 pro
475 1713 578 1796 prima
602 1713 805 1776 correccione
838 1712 877 1775 de
909 1714 1037 1776 civitate
1062 1714 1185 1776 eteius
1215 1713 1375 1775 territorio
1400 1713 1531 1793 judicia·

267 1820 339 1882 liter
363 1819 564 1881 decrevimus
588 1818 656 1881 lore
681 1819 906 1902 expellendam
930 1839 967 1880 ex
987 1819 1144 1902 expellere
1166 1818 1301 1882 lecimus
1325 1819 1410 1900 juxta
1427 1819 1532 1899 legem

267 1940 408 1989 nostram
433 1925 679 2008 privilegiatam,
704 1925 928 1987 commitentes
944 1925 1061 2004 eidem,
1086 1938 1121 1988 ut
1137 1925 1176 1988 de
1200 1941 1307 1988 cetero
1331 1939 1362 1986 et
1386 1945 1442 2008 per
1465 1945 1532 1986 am·

268 2033 353 2115 plius
377 2031 417 2093 ad
435 2032 595 2094 civitatem
621 2047 652 2092 et
676 2032 744 2093 eius
760 2032 958 2094 territorium
976 2032 1087 2094 eadem
1107 2033 1207 2095 Elena
1232 2033 1348 2095 mulier
1365 2052 1532 2114 nunquam

269 2139 386 2201 intrare
410 2138 536 2217 debeat,
561 2157 624 2220 que
641 2139 666 2199 si
692 2139 724 2199 in
743 2139 870 2201 civitate
895 2152 926 2201 et
950 2139 1019 2201 eius
1034 2139 1195 2200 territorio
1212 2138 1409 2222 deprehensa
1427 2137 1532 2215 luerit,

269 2244 355 2326 juxta
381 2244 534 2306 demerita
559 2264 615 2305 sua
639 2264 755 2326 penam
778 2263 874 2326 quam
907 2243 1100 2306 demeruerit
1124 2258 1338 2327 consequetur
1354 2245 1439 2326 juxta
1457 2265 1532 2306 con-

268 2364 354 2413 tenta
379 2350 541 2434 privilegii
566 2351 665 2412 nostri
691 2351 883 2413 communis.

349 2551 445 2625 Feria
476 2559 574 2624 sexta
602 2555 756 2642 proxima
785 2559 860 2643 post
894 2553 1016 2625 festum
1045 2556 1154 2625 sancti
1183 2553 1347 2643 johannis
1377 2560 1453 2624 ante

743 2684 878 2767 portam
907 2677 1059 2749 latinam.

812 2834 876 2909 (12.
901 2827 997 2911 mair).

378 2971 455 3032 Item
481 2972 556 3052 quia
588 2970 743 3031 discretus
767 2971 814 3030 vir
846 2969 996 3031 dominus
1021 2968 1173 3031 Clemens
1204 2970 1359 3052 presbiter
1383 2970 1532 3050 magister

270 3076 436 3159 hospitalis
460 3076 560 3138 nostri
585 3076 767 3137 communis
799 3077 890 3137 beate
926 3075 1026 3136 Marie
1050 3076 1192 3156 virginis,
1225 3088 1410 3158 procurator
1442 3077 1532 3157 legit·

270 3183 367 3243 timus
391 3182 449 3243 viri
475 3182 600 3264 providi
626 3197 656 3242 et
680 3181 804 3243 honesti
823 3182 937 3242 Marini
963 3182 1051 3263 olym
1068 3181 1182 3262 judicis
1206 3197 1236 3243 ct
1253 3183 1393 3244 concivis
1418 3182 1528 3259 nostri,

269 3285 325 3347 lilii
345 3287 500 3348 Johannis
518 3287 592 3348 dicti
611 3287 749 3368 Klarych
775 3288 814 3346 de
841 3287 978 3369 Segnya,
1009 3307 1065 3369 per
1083 3288 1221 3349 eundem
1240 3289 1400 3349 Marinum
1426 3288 1530 3350 litera·

269 3393 348 3454 toric
373 3406 404 3455 et
428 3392 584 3473 legittime
610 3393 811 3470 constitutus,
837 3392 868 3452 id
902 3413 974 3453 curn
999 3392 1168 3454 sufficienti
1202 3407 1232 3454 et
1256 3393 1420 3473 fidedigno
1445 3396 1530 3455 testi-

269 3499 381 3560 monio
405 3499 531 3560 discreti
557 3499 615 3559 viri
641 3499 764 3561 domini
788 3499 911 3559 Nicolai
931 3500 1097 3582 presbiteri
1122 3500 1249 3581 plebani
1276 3501 1408 3561 ecclesie
1426 3517 1531 3561 nostre

269 3605 461 3687 parochialis
485 3605 567 3666 beati
594 3606 691 3665 Marci
721 3605 927 3685 ewangeliste
960 3619 990 3666 et
1016 3605 1177 3666 Valentini
1210 3606 1366 3667 tributarii
1392 3608 1532 3668 concivis

269 3711 368 3772 nostri
394 3730 501 3772 coram
528 3711 620 3772 nobis
644 3711 741 3772 hodie
761 3711 792 3771 in
811 3711 931 3792 judicio
948 3712 1031 3773 clare
1057 3713 1289 3794 comprobavit,
1314 3727 1348 3774 ut
1372 3714 1447 3773 dum
1466 3718 1533 3774 An·

254 3802 399 3879 'thonius
423 3818 557 3878 servitor
578 3816 692 3899 prelati
718 3817 855 3879 condam
880 3818 995 3880 Marini
1020 3819 1135 3900 judicis
1159 3819 1190 3879 in
1216 3819 1365 3880 extremis
1389 3819 1451 3878 vite
1475 3839 1531 3880 sue

268 3922 455 4005 temporalis
478 3923 662 4001 laborasset,
693 3938 769 3985 tunc
802 3924 868 4005 ipse
900 3925 1033 3986 domum
1058 3945 1147 3986 suam
1175 3927 1204 3986 in
1237 3925 1364 3986 civitate
1389 3925 1531 4008 predicta

269 4027 355 4106 juxta
379 4042 527 4089 contenta
552 4029 711 4112 privilegii
730 4030 901 4111 superinde
923 4051 982 4112 pro
999 4047 1087 4114 parte
1111 4031 1158 4092 sui
1178 4030 1315 4093 conlecti
1340 4045 1370 4092 et
1393 4033 1530 4093 emanati

268 4135 373 4197 taliter
397 4137 536 4197 vendere
554 4136 690 4217 legasset
707 4151 736 4197 et
755 4136 936 4216 dimisisset,
959 4139 1034 4201 ursi
1052 4138 1180 4200 Cherna
1198 4138 1313 4199 mulier
1338 4158 1417 4199 uxor
1435 4139 1532 4220 ipsius

268 4240 422 4303 Anthonii
456 4257 527 4324 post
558 4257 694 4304 mortem
728 4243 872 4305 eiusdem
908 4245 1064 4306 Anthonii
1098 4244 1129 4305 in
1165 4245 1319 4306 viduitate
1358 4266 1459 4327 usque
1491 4248 1531 4308 ad

268 4361 405 4409 mortem
437 4367 527 4409 suam
560 4368 762 4431 perseverare
794 4349 932 4412 voluerit
964 4364 994 4412 et
1026 4351 1285 4433 perseveraverit,
1318 4367 1392 4414 tunc
1425 4353 1530 4414 eidem

268 4453 396 4516 Cberne
420 4455 547 4516 mulieri
573 4456 639 4536 ipse
664 4456 807 4516 Marinus
824 4456 918 4534 judex
937 4471 991 4518 aut
1016 4459 1083 4540 ipse
1108 4473 1295 4539 procurator
1312 4478 1388 4519 suus
1413 4459 1444 4519 in
1463 4479 1532 4541 pre·

268 4560 353 4625 dicta
377 4561 476 4623 domo
502 4562 601 4644 ipsius
624 4562 780 4622 Anthonii
808 4583 904 4624 unam
923 4584 1081 4626 cameram
1109 4566 1148 4626 ad
1174 4565 1419 4627 inhabitandum
1445 4567 1476 4626 in
1495 4586 1531 4627 ea

267 4685 370 4749 usque
394 4667 434 4730 ad
458 4681 595 4729 mortem
619 4686 710 4729 suam
744 4668 817 4728 dare
851 4668 965 4731 debeat
997 4685 1028 4732 et
1052 4672 1224 4752 assignare,
1258 4671 1392 4733 domurn
1424 4686 1531 4734 autem

268 4771 444 4856 predictam
469 4773 607 4836 vendere
631 4775 747 4836 debeat
772 4788 803 4836 et
827 4794 885 4856 pro
909 4776 1016 4837 anima
1044 4778 1144 4860 ipsius
1168 4779 1324 4842 Anthonii
1349 4779 1530 4861 expendere
