3488 5272
239 273 300 356 358
632 276 718 333 Anno
742 272 835 353 1469.
860 309 902 318 -
925 289 956 352 4.
981 275 1108 348 augusti.

237 488 300 550 nici
325 489 457 550 ecclesie
481 488 708 569 zagrabieasis,
725 507 822 567 quam
844 487 912 548 sola
930 486 1010 548 sassa
1028 484 1087 549 luit
1104 484 1251 564 lutatam,
1270 485 1302 546 in
1326 497 1504 566 tormento,

238 616 300 676 que
324 595 504 676 adjudicata
530 609 576 656 est
600 593 761 676 expetenti
791 593 831 655 de
864 594 929 676 ipsa
955 593 1082 655 civitate
1107 606 1137 653 et
1169 591 1301 653 ulterius
1325 591 1431 653 nullas
1454 591 1504 653 in·

237 716 319 764 trare
345 703 376 763 in
401 702 597 763 territorium
616 701 700 762 dicte
726 700 872 778 civitatis,
897 714 927 760 et
947 700 972 760 si
992 699 1124 761 ulterius
1147 698 1187 759 ad
1205 698 1399 760 territorium
1417 698 1504 760 dicte

238 809 373 870 civitatis
396 809 529 886 venerit,
554 822 669 869 extunc
703 806 853 888 punietur
878 826 959 888 pena
991 824 1087 887 quam
1114 805 1298 882 merebitur,
1322 803 1502 867 secundum

238 915 502 977 consuetudinem
527 915 611 976 dicte
636 914 781 974 civitatis.

383 1149 478 1223 Feria
507 1160 603 1222 sexta
632 1154 783 1240 proxima
813 1157 891 1219 ante
920 1149 1043 1219 lectum
1072 1145 1176 1219 llarie
1204 1146 1242 1218 de
1271 1150 1354 1218 nive.

765 1324 809 1398 (4.
833 1321 973 1396 negasti).

345 1482 419 1542 ltem
446 1483 520 1562 quia
539 1480 678 1561 quedam
697 1479 812 1540 mulier
830 1478 959 1540 Granda
978 1479 1072 1556 dicta,
1099 1479 1176 1539 alias
1195 1479 1398 1543 inhabitatrix
1416 1480 1503 1543 dicte

239 1589 386 1665 civitatis,
413 1587 472 1648 luit
496 1607 552 1668 per
569 1586 832 1646 communitatem
859 1585 942 1646 dicte
960 1585 1096 1645 civitatis
1122 1586 1251 1646 bannita
1277 1586 1316 1646 de
1342 1587 1406 1668 ipsa
1426 1586 1503 1647 civi·

240 1710 301 1757 tate
327 1709 456 1776 propter
481 1708 563 1754 certa
589 1712 644 1752 sua
671 1692 752 1751 mala
779 1690 860 1752 facta
878 1705 907 1752 et
932 1692 1096 1769 demerita,
1122 1711 1161 1751 ne
1187 1692 1319 1752 ulterius
1344 1693 1374 1753 in
1400 1693 1502 1773 ipsam

238 1803 398 1863 civitatem
425 1801 540 1861 eteius
565 1799 759 1862 territorium
785 1798 901 1857 intrare
919 1797 1059 1874 deberet,
1085 1812 1179 1877 prout
1203 1796 1264 1859 boc
1290 1799 1320 1858 in
1346 1798 1502 1860 katherno

239 1908 321 1969 dicte
346 1907 481 1968 civitatis
506 1905 705 1978 continetur;
722 1917 830 1963 tamen
853 1903 927 1983 quia
954 1903 992 1962 ad
1011 1902 1285 1984 supplicationem
1304 1903 1504 1967 honorabilis

239 2029 269 2074 ct
294 2014 502 2074 discretorum
529 2012 670 2070 virorum
690 2008 818 2089 Mathey
844 2009 968 2069 Sutoris
986 2009 1073 2086 dicti,
1099 2008 1245 2069 moderni
1272 2009 1400 2091 plebani
1418 2010 1503 2072 dicte

239 2120 375 2181 civitatis
407 2133 437 2178 et
469 2117 591 2177 domini
618 2116 796 2177 Clementis
828 2114 970 2194 magistri
1005 2114 1172 2196 hospitalis
1204 2116 1235 2176 in
1268 2116 1351 2177 dicta
1376 2117 1503 2179 civitate

240 2225 363 2288 lundati
396 2240 427 2286 et
451 2225 588 2285 aliorum
622 2226 797 2304 proborum
831 2222 971 2281 virorum
1006 2242 1063 2302 pro
1094 2243 1130 2281 ea
1162 2223 1256 2282 nobis
1280 2237 1310 2283 et
1334 2224 1391 2285 toti
1415 2243 1503 2284 com-

240 2333 387 2393 munitati
414 2329 505 2407 lacte,
523 2344 710 2404 annuentes,
736 2328 840 2388 eidem
862 2328 991 2389 Grande
1017 2328 1143 2390 mulieri
1168 2329 1308 2409 graciam
1333 2344 1363 2389 et
1381 2330 1503 2391 miseri-

240 2438 381 2498 cordiam
408 2436 552 2513 l'ecimus,
579 2451 611 2496 ut
630 2437 695 2515 ipsa
714 2435 752 2494 de
778 2448 883 2494 cetero
901 2450 930 2494 et
949 2434 1160 2515 peramplius
1178 2436 1208 2495 in
1234 2435 1393 2497 similibus
1411 2437 1503 2498 malis

240 2544 329 2606 lactis
354 2543 484 2625 reperiri
510 2562 574 2603 non
609 2542 711 2601 valeat
743 2562 800 2601 nec
833 2542 958 2617 debeat,
983 2541 1126 2622 alioquin
1160 2542 1185 2602 si
1212 2541 1242 2601 id
1268 2543 1504 2624 attemptaverit

239 2665 270 2713 et
295 2652 324 2712 in
351 2650 514 2730 aliquibus
547 2647 743 2729 deprehensa
778 2647 882 2724 luerit,
916 2661 1030 2707 extunc
1056 2667 1170 2728 penam
1204 2668 1262 2730 pro
1286 2649 1403 2709 talibus
1427 2669 1503 2711 con·

239 2772 359 2818 svetam
384 2756 546 2816 subibebit
574 2756 642 2834 ipso
668 2754 761 2830 lacto,
786 2753 918 2834 dempto
943 2755 967 2813 si
997 2753 1091 2813 alicui
1118 2755 1240 2834 aliquid
1267 2756 1438 2834 obligatur,
1464 2777 1501 2817 ex

240 2865 330 2925 cuius
355 2876 442 2944 purte
467 2862 571 2922 eidem
598 2861 850 2920 misericordiam
880 2880 942 2920 non
978 2860 1121 2938 lecimus,
1146 2862 1200 2921 sed
1227 2861 1279 2923 liet
1304 2862 1427 2942 justicia
1452 2884 1502 2924 se·

239 2972 379 3033 cundum
398 2968 700 3050 comprobationem
719 2982 828 3027 contra
847 2987 928 3043 eam,
943 2967 1012 3046 lege
1032 2968 1130 3047 ipsius
1155 2969 1290 3028 civitatis
1310 2970 1501 3048 requirente.

348 3094 422 3154 ltem
449 3093 523 3173 quia
551 3092 715 3152 limericus
748 3091 964 3171 carpentarius
1003 3092 1081 3150 rivis
1113 3093 1195 3151 dicte
1221 3092 1356 3153 civitatis
1393 3109 1501 3154 contra

242 3202 445 3263 Franciseum
470 3217 623 3277 generunt
643 3197 770 3257 'l'lrome
798 3197 964 3277 blatysych
982 3197 1171 3258 secundario
1194 3198 1306 3258 citatus
1331 3218 1395 3258 non
1415 3220 1502 3260 com·

241 3308 345 3390 paruit
370 3308 400 3366 in
426 3305 546 3383 judicio
571 3323 677 3364 coram
704 3304 808 3363 nobis.

345 3430 420 3489 ltent
446 3447 573 3488 causam
601 3428 681 3486 inter
706 3425 893 3486 'l'homaslro
916 3429 1079 3486 'sartorem
1113 3443 1142 3486 et
1170 3427 1359 3488 bliclraclcm
1386 3431 1501 3510 pelliti·

241 3557 320 3613 cem,
346 3555 441 3616 quam
468 3534 591 3614 pridem
619 3534 683 3613 ipse
704 3533 839 3593 bliclruel
865 3534 1037 3613 appellavit
1065 3534 1102 3593 ad
1123 3535 1263 3594 seniores
1286 3536 1417 3616 judices,
1436 3538 1502 3619 ipse

241 3642 377 3704 lvlicbael
402 3655 526 3700 tenetur
550 3641 692 3700 seniores
717 3659 906 3701 convocare.

347 3767 423 3826 ltem
449 3785 576 3825 causam
603 3767 683 3825 inter
708 3765 907 3826 :lntboniurn
934 3780 1074 3824 sutorem
1112 3766 1271 3827 seniorem
1299 3768 1434 3840 juratum
1473 3783 1504 3830 et

241 3874 321 3935 inter
347 3872 515 3933 Nicolaum
543 3870 758 3952 Wreclraryclr
803 3872 877 3951 quia
912 3890 990 3930 uxor
1019 3872 1161 3932 eiusdem
1198 3874 1351 3933 ‚luitbonii
1385 3876 1502 3935 sutoris

240 3978 429 4059 vituperavit
456 3978 558 4058 ipsum
586 3976 753 4036 Nicolaum
788 3992 817 4037 et
849 3978 915 4058 ipse
942 3978 1092 4037 Nicolaus
1124 3979 1258 4039 eandem
1293 3981 1442 4057 vicissim,
1470 3981 1500 4041 in

241 4085 300 4145 hoc
326 4086 418 4145 ambe
437 4098 541 4165 partes
566 4082 682 4142 <labent
701 4082 879 4143 satisfacere
898 4084 993 4159 judici
1014 4100 1042 4144 et
1069 4084 1187 4162 iuratis,
1205 4087 1279 4166 quia
1298 4107 1361 4146 non
1389 4102 1501 4167 potue-

241 4205 313 4251 runt
339 4211 419 4250 tinus
444 4205 552 4250 contra
578 4189 676 4249 alium
703 4191 878 4270 producere
904 4206 1015 4261 testes;
1043 4192 1081 4251 de
1108 4192 1163 4251 illo
1189 4208 1295 4253 autem
1322 4194 1407 4273 quod
1436 4196 1502 4274 ipse

241 4297 394 4356 Nicolaus
412 4296 584 4376 perforavit
602 4296 753 4355 celarium
777 4312 806 4357 et
825 4296 882 4357 luit
906 4299 1019 4357 citatus
1044 4310 1152 4358 contra
1172 4300 1274 4379 ipsum
1302 4298 1500 4360 :lntlronium

240 4418 392 4480 sutorem,
424 4423 480 4484 pro
514 4424 577 4462 non
612 4404 776 4463 veniencia
806 4418 835 4463 et
868 4405 1070 4464 contumacia
1103 4418 1148 4464 est
1183 4407 1366 4466 correvictus
1392 4422 1501 4467 contra

241 4509 378 4585 judicem
405 4524 435 4569 et
453 4510 571 4581 iuratos
599 4511 628 4569 in
654 4510 816 4589 sexaginta
835 4510 992 4584 denariis;
1018 4530 1075 4589 pro
1101 4511 1248 4589 potencia
1273 4527 1379 4572 autern
1406 4532 1501 4591 quam

241 4615 307 4695 ipse
333 4616 484 4676 Nicolaus
516 4616 589 4677 fecit
619 4617 649 4676 in
683 4614 904 4697 perloracione
939 4617 1037 4696 ipsius
1061 4616 1168 4675 celarii
1203 4618 1370 4680 convietus
1396 4634 1440 4678 est
1467 4618 1497 4678 in

242 4721 353 4801 viginti
386 4722 499 4782 marcis
531 4723 747 4801 denariorum,
780 4722 854 4804 qnia
887 4741 951 4783 non
986 4721 1045 4783 luit
1076 4734 1264 4803 prosecutus
1300 4741 1357 4782 nec
1390 4724 1501 4804 petivit
