3488 5272
445 553 522 615 ltem
548 555 645 614 lwrse
672 554 807 615 institor.

444 659 521 720 Item
547 659 701 720 Nicolaus
724 679 822 740 gener
847 659 1058 741 VVythesych.

448 766 523 826 ltem
551 765 668 826 Paulus
692 764 776 826 filius
800 765 970 847 Fwdrych.

448 872 525 934 ltem
552 872 669 933 Paulus
692 870 777 933 filius
802 871 1042 951 Selesnaglaua.

448 977 525 1039 ltem
551 978 673 1039 Francz
697 998 796 1057 gener
821 977 999 1060 Marysych.

448 1084 524 1146 ltem
551 1083 728 1164 Gregorius
753 1103 916 1144 successor
940 1082 1096 1145 Demetrii
1122 1082 1161 1142 de
1187 1082 1328 1144 Rabocz.

449 1190 525 1252 ltem
552 1191 664 1251 Berlelt
689 1210 852 1251 successor
876 1189 1013 1251 condam
1040 1189 1168 1250 Martini
1194 1188 1317 1269 judicis,

449 1297 524 1358 Item
553 1299 654 1358 Lucas
679 1296 763 1358 filins
787 1296 923 1358 condam
952 1296 1097 1379 Dyonisii
1124 1296 1218 1358 ribar.

450 1404 525 1464 ltem
553 1405 739 1465 Leonardus
763 1424 896 1484 pugnar.

446 1510 522 1571 Item
548 1510 736 1571 Valentinus
761 1509 844 1571 filius
872 1509 1037 1570 Benedicti
1062 1508 1140 1569 alias
1164 1507 1288 1589 judicis.

449 1617 524 1676 ltem
552 1615 687 1676 Mathias
712 1614 811 1693 faber,
836 1636 934 1696 gener
959 1615 1095 1675 condam
1122 1614 1300 1676 Clementis
1325 1612 1416 1675 labri.

449 1722 525 1784 ltem
550 1722 705 1783 Martinus
728 1736 816 1783 sutor
840 1721 980 1804 Banych.

449 1828 524 1889 ltem
551 1828 693 1910 Gya-ako
717 1841 806 1889 sutor
830 1829 951 1910 Rosyn.

450 1934 525 1995 ltem
552 1933 625 1995 Blas
650 1934 906 2016 Nekersclrenyk.

453 2041 529 2102 ltem
554 2040 744 2100 Valentinus
768 2053 867 2117 sutor,
891 2061 990 2122 gener
1015 2040 1228 2122 Sypltowych.

449 2147 525 2207 ltem
552 2146 731 2228 Stephanus
755 2160 842 2208 sutor
867 2147 992 2226 longus.

449 2254 525 2314 Item
553 2253 741 2313 Dominicus
765 2268 862 2315 sutor.

449 2359 525 2420 ltem
551 2359 741 2420 Valentinus
763 2378 862 2439 gener
887 2359 1049 2440 Koczyan.

344 2522 420 2582 ltem
446 2520 558 2602 prelati
582 2519 752 2581 Conradus
769 2520 899 2579 llawsar
923 2540 958 2579 ac
983 2519 1075 2599 jurati
1094 2533 1124 2580 et
1141 2518 1314 2591 consiliarii
1333 2537 1403 2578 cum
1422 2537 1500 2579 con-

236 2648 330 2688 sensu
355 2642 385 2689 et
402 2627 628 2688 commissione
645 2648 680 2687 ac
708 2627 851 2686 unanimi
875 2628 1057 2704 concordia,
1076 2627 1306 2706 voluntateque
1323 2638 1354 2685 et
1370 2624 1499 2685 decreto

237 2734 340 2794 tocius
364 2733 604 2794 communitatis
629 2734 736 2793 omnia
755 2733 880 2792 decreta
905 2748 935 2793 et
960 2748 1073 2794 statuta
1098 2748 1161 2794 tam
1190 2734 1219 2792 in
1246 2732 1383 2812 presenti
1401 2751 1498 2812 qnam

238 2840 269 2900 in
302 2841 443 2921 antiquis
475 2839 631 2900 cathernis
663 2840 777 2900 nostris
802 2854 948 2900 contenta
982 2854 1012 2900 et
1037 2841 1225 2920 conscripta,
1251 2839 1357 2919 quoad
1387 2857 1500 2898 omnes

237 2946 400 3022 articulos,
424 2960 540 3026 puncta
566 2960 596 3005 et
621 2946 778 3005 clausulas
804 2947 991 3006 eorumdem
1028 2960 1217 3006 statutorum
1244 2960 1273 3004 et
1298 2945 1498 3004 decretorum

238 3072 293 3133 per
310 3066 411 3112 totum
431 3071 549 3111 annum
569 3053 723 3131 presentis
740 3052 897 3129 judicatus
915 3053 1012 3132 ipsius
1030 3052 1171 3112 (lonradi
1190 3051 1303 3130 judicis
1331 3069 1365 3110 ac
1389 3069 1500 3110 conse·

236 3172 371 3238 quenter
395 3172 425 3217 et
449 3158 599 3237 deinceps
623 3158 689 3237 jure
714 3174 869 3238 perpetuo
891 3173 920 3218 et
946 3158 1194 3218 irrevocabiliter
1226 3155 1497 3217 confirmaverunt

237 3283 363 3343 semper
387 3264 520 3323 valitura
546 3278 576 3323 et
600 3283 725 3344 semper
753 3265 961 3324 observanda.

265 3499 358 3571 Ferla
387 3510 483 3569 sexta
513 3500 663 3588 proxima
693 3511 766 3589 past
798 3501 919 3570 sestam
949 3499 1156 3571 lnvcncionis
1185 3508 1300 3569 sancte
1330 3497 1456 3579 Crucis,

674 3627 824 3713 proxime
853 3627 1063 3712 preteritum.

787 3808 830 3873 (qr.
856 3799 948 3857 rrnn't').

345 3954 448 4014 Causa
476 3955 556 4015 inter
588 3955 734 4015 homines
768 3956 936 4034 Augustini
971 3956 1092 4035 Spanar
1125 3955 1202 4014 civis
1239 3956 1496 4034 Quinqueeccle·

238 4062 361 4138 nensis,
386 4062 512 4121 racione
530 4062 744 4142 quorumdam
770 4063 932 4139 octoginta
951 4061 1018 4122 llor.
1042 4063 1121 4137 auri,
1147 4082 1227 4140 quos
1253 4061 1399 4121 homines
1417 4063 1498 4121 eius-

238 4168 310 4227 dem
345 4187 400 4248 per
432 4168 572 4227 lllasinm
616 4167 751 4245 jndicem
786 4168 968 4249 Stenychlrv
1002 4168 1140 4239 dictum,
1175 4168 1302 4227 racione
1335 4169 1498 4248 vectigalis

238 4273 343 4333 eidem
370 4274 493 4354 Spanar
518 4274 548 4333 in
576 4274 674 4334 literis
708 4275 793 4353 regie
819 4275 991 4333 Maiestatis
1024 4274 1132 4332 dicunt
1162 4294 1228 4332 esse
1254 4273 1444 4351 obligatum,
1469 4289 1498 4333 et

238 4378 277 4437 de
302 4381 466 4439 ambarum
494 4379 635 4459 parcium
663 4380 825 4439 voluntate
851 4394 897 4439 est
929 4381 1091 4459 prorogari
1120 4379 1198 4440 lacta
1226 4398 1324 4458 usque
1351 4394 1495 4459 quartam

239 4482 348 4545 leriam
375 4500 494 4546 sextam
529 4500 598 4566 post
632 4484 746 4546 festum
782 4486 925 4565 proxime
959 4499 1128 4545 venturum
1163 4486 1388 4545 l‘enthecostes
1413 4506 1497 4544 anno

237 4590 420 4671 supradicto
445 4610 551 4651 coram
578 4592 671 4651 nnlris
696 4591 913 4671 comparendi.

345 4696 419 4756 ltem
446 4697 519 4776 quia
546 4698 684 4776 quedam
710 4699 825 4758 mulier
858 4698 965 4757 Jelena
992 4697 1085 4769 dicta,
1119 4697 1377 4777 Zatrcpcht'chnzr
1404 4697 1498 4773 dicta,

237 4803 416 4863 concubina
454 4803 590 4863 Emerici
623 4803 761 4883 agricole
794 4804 872 4864 alias
904 4803 1092 4863 mercenarii
1125 4802 1278 4863 Anthonii
1312 4804 1427 4885 judicis
1451 4817 1499 4865 est
