3488 5272
644 333 846 416 Anno1460.
875 370 916 382 -
939 348 968 414 7.
992 338 1101 396 martii.

706 546 886 629 Gregorius
909 563 1007 610 sutor.

709 653 853 715 Thomas
876 668 974 716 sutor.

704 759 830 821 lwanus
853 772 955 821 sartor
980 758 1166 821 Wentbich.

708 864 846 927 Mathiss
871 864 1046 948 wasrich.

706 971 818 1034 Petrus
843 970 1041 1033 Mechotreb.

705 1078 792 1139 Elias
816 1093 1035 1161 campanator.

706 1185 819 1247 Berlelr
844 1185 995 1265 agricola.

706 1290 874 1373 Philippus
898 1290 1048 1374 frenipar.

708 1397 877 1479 Philippus
900 1411 998 1459 sutor.

707 1503 861 1565 Clemens
884 1517 984 1565 sutor.

709 1609 891 1671 Demetrius
914 1622 1013 1672 sutor.

707 1714 853 1777 Thomas
877 1733 987 1779 sartor.

708 1820 846 1904 Zthoysa
873 1820 1013 1904 pellifex.

705 1927 808 1990 Janlto
832 1948 975 2010 arcupsr.

344 2139 421 2200 ltem
446 2136 559 2220 prelati
595 2138 718 2199 Blasius
749 2137 844 2217 judex
876 2152 907 2200 et
931 2139 1023 2219 jurati
1056 2160 1093 2200 ac
1117 2141 1290 2202 consiliarii
1324 2159 1396 2201 cum
1428 2158 1503 2200 con·

238 2265 332 2306 sensu
359 2260 388 2306 et
413 2245 639 2306 commissione
673 2259 703 2307 et
731 2246 874 2306 unanimi
899 2258 930 2306 et
954 2246 1106 2307 concordi
1131 2246 1296 2308 voluntate
1321 2260 1352 2308 et
1375 2245 1504 2306 decreto

238 2352 340 2413 tocius
364 2351 605 2412 communitatis
629 2350 881 2413 omniadecreta
903 2366 934 2414 et
954 2365 1069 2413 statuta
1094 2366 1159 2414 tam
1183 2353 1215 2413 in
1241 2351 1380 2434 presenti
1405 2370 1503 2432 quam

239 2458 269 2518 in
294 2457 435 2538 antiquis
460 2456 621 2518 kathernis
641 2457 758 2519 nostris
782 2471 931 2519 contenta
949 2474 980 2519 et
1010 2459 1137 2541 scripta,
1162 2458 1269 2539 quoad
1294 2477 1407 2519 omnes
1431 2457 1504 2517 arti-

238 2564 327 2625 culos
352 2576 382 2624 et
415 2577 530 2644 puncta
556 2582 592 2624 ac
616 2563 776 2624 clausulas
799 2563 988 2624 eorumdem
1016 2578 1206 2625 statutorum
1239 2579 1269 2624 et
1300 2564 1502 2624 decretorum

239 2690 294 2751 per
318 2685 421 2731 totum
447 2689 567 2730 annum
593 2670 747 2751 presentis
777 2668 935 2748 judicatus
960 2671 1060 2752 ipsius
1085 2670 1181 2731 Blasii
1207 2669 1322 2749 judicis
1346 2683 1378 2731 et
1393 2687 1504 2730 conse·

239 2791 376 2858 quenter
399 2790 429 2838 et
454 2776 605 2858 deinceps
628 2777 695 2857 jure
721 2791 877 2858 perpetuo
905 2792 936 2837 et
960 2777 1210 2838 irrevocabiliter
1233 2774 1504 2837 confirmaverunt

241 2903 366 2964 semper
390 2883 524 2944 valitura
550 2897 580 2944 et
608 2881 740 2944 firmiter
764 2884 974 2943 observanda.

347 2989 423 3050 ltem
449 2988 557 3050 relicta
583 2989 720 3050 condam
748 2988 843 3049 Blasii
876 2987 992 3068 judicis
1023 3002 1132 3050 contra
1164 2988 1337 3050 Martinum
1363 2986 1501 3068 judicem

240 3096 346 3177 primo
371 3096 465 3156 citata
491 3114 555 3156 non
581 3095 771 3176 comparuit.

345 3219 423 3281 ltem
448 3219 523 3300 quia
549 3219 706 3280 Martinus
730 3239 818 3281 rasor
841 3238 1022 3300 pannorum
1040 3218 1073 3279 id
1098 3238 1171 3280 cum
1187 3217 1358 3280 sufficienti
1376 3232 1407 3279 et
1424 3215 1502 3279 lide·

240 3327 341 3408 digoo
374 3340 555 3387 nostrorum
589 3326 771 3386 concivium
805 3325 992 3386 testimonio
1023 3325 1108 3386 clare
1137 3340 1168 3385 et
1199 3324 1318 3387 seriose
1342 3324 1439 3385 hodie
1471 3324 1502 3385 in

239 3433 314 3495 sede
339 3447 446 3493 nostra
472 3432 637 3511 judiciaria
663 3432 885 3514 comprobavit
910 3451 1016 3492 coram
1037 3432 1141 3510 nobis,
1166 3446 1199 3492 ut
1224 3431 1300 3492 dom
1328 3430 1504 3512 Gregorius

239 3537 444 3599 Wreczarich
468 3537 571 3598 dictus
596 3538 627 3598 in
653 3538 802 3597 extremis
827 3537 889 3598 vite
913 3557 970 3598 sue
1003 3536 1190 3618 temporalis
1215 3537 1401 3614 laborasset,
1426 3550 1501 3598 tunc

239 3646 304 3727 ipse
330 3644 439 3705 omnia
465 3645 550 3705 bona
575 3658 713 3704 sustam
731 3644 864 3705 mobilia
889 3664 986 3725 quam
1005 3644 1172 3705 inmobilia
1199 3644 1230 3704 in
1250 3644 1376 3706 civitate
1396 3658 1502 3705 nostra

238 3765 269 3813 et
293 3752 362 3812 eius
379 3751 540 3812 territorio
558 3771 592 3811 ac
618 3750 697 3811 alias
714 3751 910 3831 ubicumque
928 3750 1035 3811 habits
1053 3764 1084 3811 et
1101 3750 1273 3811 existencia
1291 3769 1363 3810 cum
1381 3750 1503 3811 cunctis

239 3858 429 3919 eorumdem
463 3859 622 3917 bonorum
657 3857 847 3918 utilitatibus
880 3872 910 3917 et
949 3856 1153 3938 pertinenciis
1191 3857 1348 3917 universis
1379 3861 1503 3936 prelato

240 3965 379 4026 Martino
403 3979 566 4045 tamquam
593 3965 753 4026 executori
789 3978 819 4024 et
852 3964 1073 4025 commissario
1098 3963 1236 4024 vendere
1269 3977 1299 4024 et
1323 3963 1502 4043 expendere

241 4091 299 4154 pro
332 4072 437 4132 anima
463 4071 607 4131 eiusdem
639 4070 775 4132 fideliter
810 4086 841 4131 et
872 4071 1109 4131 conscienciose
1143 4070 1330 4149 legavisset,
1363 4069 1501 4150 ideoque

243 4178 355 4239 eadem
399 4179 483 4237 bona
526 4176 638 4258 prelati
682 4175 829 4258 Gregorii
864 4174 995 4255 jamlato
1030 4176 1168 4237 Martino
1208 4176 1305 4236 rasori
1337 4190 1501 4255 tamquam

245 4302 322 4345 vero
347 4297 376 4344 et
403 4283 561 4364 legittimo
594 4283 754 4343 executori
781 4298 811 4343 et
842 4283 1062 4344 commissario
1096 4282 1239 4343 eiusdem
1266 4283 1394 4363 plenam
1427 4301 1502 4343 ven·

242 4388 338 4451 dendi
363 4409 398 4451 ac
422 4389 507 4469 juxta
533 4389 794 4450 commissionem
826 4408 916 4449 susm
945 4388 1137 4469 disponendi
1162 4388 1365 4449 attribuimus
1396 4404 1501 4470 potes·

245 4497 318 4559 tatis
342 4496 588 4578 plenitudinem.

346 4603 423 4663 ltem
448 4621 527 4662 uxor
552 4602 705 4684 Stephani
740 4602 857 4662 sutoris
892 4600 955 4662 lilia
983 4601 1129 4682 Dyonisii
1164 4601 1282 4682 llyhar,
1315 4599 1392 4660 leria
1416 4617 1502 4661 sexta

240 4708 385 4790 proxima
411 4722 481 4788 post
506 4722 651 4769 octavam
679 4709 773 4769 l‘asce
808 4706 1023 4786 juramentum
1048 4722 1114 4767 met
1139 4708 1233 4768 tercia
1258 4706 1318 4768 sibi
1343 4706 1503 4767 similibus

239 4815 401 4899 deponere
427 4815 556 4876 habebit
581 4830 690 4877 contra
718 4815 836 4875 Rosam
869 4814 1065 4896 penesticam
1090 4813 1121 4873 in
1154 4832 1205 4891 eo,
1229 4814 1317 4895 quod
1343 4814 1412 4896 ipsa
1435 4832 1501 4875 non
