3488 5272
236 291 299 352 216
613 290 702 348 Anno
727 287 821 368 1462.
846 322 887 332 -
911 303 961 348 22.
978 290 1133 366 junuarii.

238 520 343 566 torum
369 503 527 581 omnium,
552 503 656 564 taliter
681 518 710 564 et
727 502 819 579 adeo,
845 502 932 582 quod
958 500 1100 583 prelatus
1120 500 1296 583 Gregorius
1313 502 1432 562 amodo
1449 521 1505 583 per

237 611 374 692 amplius
399 611 430 671 in
457 610 540 670 dicta
565 611 690 670 civitate
724 609 812 670 nulla
845 628 932 669 arma
966 623 1094 690 portare
1127 627 1184 669 seu
1209 606 1347 686 deferre,
1372 627 1429 669 nec
1460 622 1504 668 ta-

239 720 353 778 bernas
377 717 494 777 intrare
512 730 542 777 et
566 735 679 776 omnes
695 716 790 776 ludos
814 715 987 794 dimittere,
1005 735 1064 776 nec
1081 716 1212 776 racione
1231 735 1287 776 seu
1312 735 1394 797 pene
1410 714 1505 777 alicui

238 827 340 886 minas
365 825 530 906 imponere
555 823 606 884 vel
631 823 773 903 aliquem
798 822 905 884 ledere
933 824 1029 883 verbo
1054 822 1105 882 vel
1131 820 1226 900 facto,
1255 822 1343 902 quod
1368 822 1393 882 si
1418 841 1507 884 secus

238 931 346 993 fecerit
371 931 420 991 vel
445 930 597 1012 premissa
623 929 801 1007 violaverit,
827 930 908 990 bene
930 929 1076 1010 quidem,
1101 927 1247 1009 alioquin
1275 947 1392 1009 penam
1417 928 1506 1010 prius

237 1058 294 1121 per
319 1037 439 1118 juratos
461 1036 520 1097 sibi
551 1034 777 1114 adjudicatam,
802 1055 876 1096 mox
905 1049 935 1096 et
960 1035 1172 1096 incontinenti
1198 1035 1268 1117 ipso
1295 1035 1379 1096 lacto
1398 1036 1505 1097 subire

238 1165 297 1206 nec
324 1144 457 1205 ulterius
483 1144 542 1225 ipsi
573 1142 793 1203 misericordia
818 1141 880 1204 fiet.

350 1250 426 1310 ltem
455 1249 597 1311 seniores
629 1248 750 1328 judices
781 1247 813 1308 in
847 1247 930 1309 lacto
963 1248 1195 1330 appellationis
1226 1267 1282 1330 per
1315 1248 1505 1330 Dyonisium

239 1371 405 1435 sartorem,
430 1357 570 1438 juratum
595 1355 698 1416 civem
722 1355 884 1416 seniorem
903 1355 986 1415 dicte
1012 1354 1159 1431 civitatis,
1184 1367 1292 1415 contra
1318 1353 1505 1416 Thomasko

239 1463 389 1525 similiter
405 1463 542 1543 juratum
561 1462 765 1539 modernum,
790 1462 923 1523 sabbato
940 1461 1088 1541 proximo
1106 1475 1179 1521 ante
1202 1458 1319 1522 festum
1339 1463 1505 1522 beatorum

240 1570 372 1631 Fabiani
399 1583 428 1630 et
454 1568 631 1631 Sebastiani
658 1568 832 1628 martirum
858 1567 1002 1648 proxime
1031 1581 1201 1628 venturum
1227 1581 1443 1629 convenerant
1467 1569 1505 1628 ad

240 1676 414 1756 pretorium
447 1695 503 1735 seu
536 1675 669 1735 domum
712 1674 896 1752 judicialem
929 1673 1023 1734 etad
1055 1672 1173 1733 factum
1201 1674 1390 1755 premissum
1424 1694 1506 1735 cam·

241 1800 358 1863 panam
384 1782 521 1862 pulsare,
548 1780 644 1841 linem
671 1800 764 1841 cause
790 1800 845 1861 per
870 1780 973 1861 ipsum
999 1779 1183 1840 Dionisium
1208 1780 1402 1860 appellatam
1428 1781 1506 1841 deli·

243 1891 353 1950 berare
379 1888 533 1963 volentes,
566 1902 595 1947 et
628 1887 702 1967 quia
735 1900 907 1947 annotatus
940 1886 1115 1968 Dyonisius
1143 1886 1183 1946 ad
1215 1887 1391 1967 predictam
1418 1887 1503 1947 diem

242 2009 273 2057 et
297 1995 469 2055 terminum
496 2006 636 2053 nostram
663 1993 692 2052 in
720 1993 918 2072 presenciam
945 2011 1008 2053 non
1027 1993 1126 2069 venit,
1151 1992 1206 2053 sed
1232 2012 1265 2053 se
1289 2012 1305 2052 a
1332 1991 1411 2059 facie
1428 1993 1505 2074 juris

243 2114 274 2163 et
298 2099 421 2179 justicie
446 2099 632 2174 absentavit,
661 2098 735 2159 ideo
770 2117 828 2158 nos
853 2098 991 2158 eundem
1027 2098 1208 2159 Dionisium
1242 2112 1272 2159 et
1297 2112 1401 2179 partes
1432 2119 1504 2159 suas

250 2208 280 2268 in
309 2206 514 2267 ammissione
539 2225 594 2265 sue
620 2225 712 2266 cause
736 2205 917 2265 convictum
936 2204 1003 2265 fore
1028 2219 1058 2265 et
1082 2220 1271 2286 aggravatos
1287 2205 1508 2265 commisimus

243 2330 273 2376 et
297 2313 452 2395 judicium
476 2313 536 2372 sibi
562 2332 616 2392 per
641 2310 761 2392 juratos
779 2309 998 2391 adjudicatum
1026 2309 1298 2372 confirmavimus.

481 2548 576 2621 Feria
605 2557 702 2621 sexta
732 2559 810 2638 post
839 2546 975 2620 Fabiani
1006 2556 1038 2620 et
1066 2546 1266 2620 sebastiani.

753 2707 819 2780 (22.
837 2702 1003 2778 januaria).

352 2845 427 2906 ltem
462 2845 566 2925 primo
592 2843 745 2904 Clemens
779 2843 964 2925 llabynzetb
997 2857 1106 2904 contra
1141 2842 1341 2904 Anthonium
1367 2858 1510 2907 sutorem

249 2954 362 3014 citatus
387 2972 450 3012 noo
476 2952 653 3032 comparuit
679 2951 806 3011 racione
831 2951 1017 3010 succisionis
1042 2951 1208 3012 cuiusdam
1236 2952 1335 3012 nucis.

352 3059 428 3119 ltem
466 3058 557 3135 jurati
594 3057 860 3135 adjudicaverunt
902 3058 983 3116 inter
1021 3057 1174 3117 Mathiam
1213 3057 1441 3140 Kerzowalych
1482 3073 1512 3119 et

250 3166 450 3226 Clementem
478 3162 656 3224 carnificem
690 3163 804 3240 taliter,
838 3163 925 3242 quod
959 3163 1090 3243 quando
1124 3166 1190 3245 ipse
1217 3165 1352 3225 Mathias
1384 3165 1510 3243 jurabit,

247 3286 360 3332 extunc
402 3270 560 3331 tenebitur
602 3269 753 3330 Clemens
785 3269 989 3329 medietatem
1026 3285 1264 3350 preparatarum
1305 3271 1509 3332 candelarum

248 3378 351 3438 eidem
377 3377 551 3436 exsolvere.

355 3483 429 3543 ltem
456 3483 547 3559 iurati
575 3495 830 3563 prorogaverunt
855 3500 982 3541 causam
1005 3482 1085 3541 inter
1111 3482 1313 3543 Clementem
1338 3483 1510 3562 agricolam

253 3590 438 3671 Babyozetb
464 3604 493 3649 et
520 3589 600 3648 inter
625 3587 825 3647 Anthonium
852 3601 991 3647 sutorem
1022 3589 1149 3647 racione
1174 3589 1365 3649 subcisionis
1390 3591 1512 3650 arboris

250 3697 341 3757 nucis
365 3696 404 3756 ad
430 3696 569 3776 primum
595 3694 748 3772 judicium
782 3694 821 3753 ad
855 3694 1111 3774 investigandum
1139 3709 1168 3754 et
1200 3695 1424 3755 sciscitandum
1462 3695 1513 3755 vel

255 3824 287 3864 se
311 3802 506 3864 concordare
532 3815 691 3881 poterunt.

357 3908 434 3968 ltem
460 3904 606 3967 Vrbanus
636 3904 794 3986 Belchych
829 3905 902 3965 bina
928 3906 996 3965 vice
1029 3906 1142 3966 citatus
1175 3921 1284 3967 contra
1310 3908 1512 3988 Ztoyltonem

251 4014 352 4076 filium
378 4013 518 4075 Gerdina
544 4027 573 4072 et
600 4010 709 4073 fratres
734 4011 878 4071 eiusdem
904 4030 967 4071 non
995 4014 1183 4093 comparuit.

357 4122 433 4182 ltem
461 4120 596 4180 Mathias
621 4118 818 4197 't‘ergowecz
844 4132 986 4197 repertus
1008 4132 1052 4177 est
1078 4118 1109 4177 in
1136 4117 1303 4180 manifesta
1329 4119 1453 4180 salsaria
1480 4121 1511 4181 in

254 4248 292 4288 eo
318 4227 477 4301 videlicet,
503 4225 589 4305 quod
616 4225 682 4305 ipse
708 4224 817 4283 vinum
843 4223 930 4303 quod
954 4224 1144 4304 propinabat
1169 4245 1241 4285 cum
1267 4246 1350 4306 aqua
1377 4227 1514 4303 miscuit,

253 4334 308 4395 sed
333 4346 501 4414 propterea
527 4329 606 4392 facta
632 4344 677 4390 est
701 4330 728 4389 ei
753 4329 858 4408 gracia
877 4328 991 4404 taliter,
1016 4331 1103 4409 quod
1129 4332 1152 4390 si
1179 4351 1234 4411 per
1259 4333 1398 4413 amplius
1416 4352 1512 4414 quarn

256 4441 288 4500 in
315 4439 431 4500 minori
457 4437 582 4499 falsatis
607 4450 661 4496 aut
678 4436 741 4496 alio
767 4435 898 4495 crimine
916 4436 1118 4515 reperiretur,
1136 4438 1223 4517 quod
1249 4451 1323 4498 tunc
1349 4439 1433 4516 juxta
1451 4452 1513 4498 sta-

254 4560 320 4608 tuta
357 4546 441 4606 dicte
473 4544 610 4606 civitatis
645 4560 760 4624 penato
795 4540 936 4622 pacietur
968 4554 999 4601 et
1030 4561 1086 4622 per
1118 4543 1257 4623 amplius
1289 4544 1392 4604 eidem
1426 4544 1516 4606 nulla

254 4653 360 4736 gracia
386 4651 448 4716 liet.

781 4783 938 4807 -φω-«η
956 4789 990 4799 -
