3488 5272
582 370 667 427 Anno
687 368 777 447 1461.
802 405 845 414 -
868 385 899 448 4.
923 370 1098 446 septembris.

1413 391 1475 455 ²09

212 473 435 481 u———-—
1191 479 1223 484 -.-
1230 478 1448 485 ...-———-—-—

208 580 336 642 racione
360 581 599 642 verberacionis
623 595 654 642 et
684 582 849 662 sanguinis
885 580 1050 642 effusionis
1082 581 1348 660 adjudicaverunt
1379 582 1474 662 jurati

207 685 323 764 taliter,
348 687 436 768 quod
460 684 580 768 prefata
614 687 744 769 Jelycza
780 687 883 766 jurare
918 688 1078 749 tenebitur
1103 685 1178 749 leria
1212 702 1297 749 sexta
1330 689 1476 770 proxime

208 807 342 853 ventura
374 793 582 855 secundamet
606 793 638 854 in
673 813 725 854 ara
757 808 864 855 sancte
897 793 1022 871 Crucis,
1048 793 1136 875 quod
1169 792 1282 875 prelati
1308 794 1412 856 Frane
1445 808 1476 856 et

209 897 326 960 Gallus
350 898 434 960 filius
459 900 603 961 eiusdem
629 900 765 960 eandem
791 900 830 960 ad
848 900 1014 980 sanguinis
1038 899 1227 961 effusionem
1244 903 1475 963 verberassent.

316 1005 392 1066 ltem
426 1006 564 1067 Martino
594 1005 798 1088 Mrawlroych
831 1006 917 1067 dicto
941 1005 1033 1085 jurati
1065 1005 1341 1085 adjudicaverunt,
1384 1007 1471 1088 quod

209 1111 276 1192 ipse
302 1112 332 1171 in
351 1112 573 1173 subtraccione
598 1112 672 1193 equi
691 1131 747 1193 per
772 1112 866 1173 lanae
884 1112 933 1172 cui
952 1112 1089 1173 abscisse
1113 1126 1294 1174 suntantea
1318 1113 1473 1174 solusmet

209 1215 286 1278 feria
319 1232 405 1278 sexta
437 1218 582 1299 proxime
616 1232 749 1280 ventura
782 1218 813 1278 in
850 1238 903 1279 ara
936 1232 1043 1279 sancte
1068 1217 1182 1279 Crucis
1213 1217 1317 1298 jurare
1349 1234 1475 1280 tenetur

208 1323 296 1403 quod
320 1323 352 1383 in
378 1323 468 1383 nullo
493 1337 524 1384 et
548 1324 580 1384 in
605 1323 734 1384 modico
758 1324 817 1384 sibi
843 1338 1002 1385 constaret
1025 1324 1064 1383 de
1089 1321 1172 1385 furto
1198 1324 1272 1386 dicti
1298 1325 1383 1406 equi.

319 1429 395 1490 ltem
423 1429 481 1490 luit
506 1431 739 1510 proclamatum
760 1430 855 1491 tercia
880 1431 950 1492 viee
966 1449 1023 1512 per
1047 1449 1202 1511 precones
1226 1430 1364 1491 civitatis
1380 1450 1476 1512 super

211 1536 310 1596 domo
336 1536 431 1596 unius
458 1551 569 1617 quarte
594 1536 681 1598 curie
707 1537 738 1597 in
758 1537 914 1598 suburbio
931 1537 1079 1614 civitatis,
1104 1550 1135 1597 et
1152 1536 1227 1616 quia
1252 1536 1360 1598 literas
1376 1555 1474 1618 super

211 1643 323 1702 eadem
349 1643 448 1703 domo
475 1643 611 1704 Mathias
642 1641 861 1724 Scrobothycb
895 1642 1008 1719 dictus,
1041 1642 1080 1703 ad
1106 1642 1218 1703 scitum
1253 1642 1393 1723 plurium
1419 1662 1475 1703 no·

210 1762 349 1809 strorum
375 1749 556 1810 concivium
578 1749 734 1809 amisisset
758 1763 788 1810 et
806 1749 914 1809 nullus
938 1749 1066 1809 easdem
1085 1748 1234 1809 exhibere
1259 1749 1373 1829 potuit,
1399 1749 1473 1810 ideo

213 1874 272 1915 nos
297 1855 404 1915 literas
436 1874 535 1915 novas
559 1874 654 1936 super
687 1856 799 1915 eadem
834 1855 932 1916 domo
965 1855 1068 1916 eidem
1104 1853 1224 1915 Matbie
1258 1854 1475 1936 Scrobothycz

212 1960 287 2021 darc
320 1961 542 2022 commisimus
574 1981 609 2022 ac
649 1961 785 2021 eandem
818 1961 987 2021 statuimus
1019 1980 1074 2042 per
1108 1961 1246 2021 eundem
1279 1961 1311 2021 in
1344 1959 1477 2022 heredes

212 2067 355 2128 ciusdem
390 2067 475 2145 juxta
508 2067 734 2128 condicionem
768 2068 905 2129 civitatis
936 2082 1102 2150 prenotate
1134 2069 1173 2128 ab
1202 2068 1336 2148 antiquo
1360 2087 1476 2149 appro-

212 2175 330 2250 batam,
354 2173 527 2234 tenendam
552 2187 583 2234 et
607 2172 799 2235 habendam.

213 2409 308 2483 Feria
338 2420 434 2482 sexta
463 2415 617 2500 proxima
647 2419 724 2482 ante
758 2411 880 2482 festum
919 2411 1119 2483 Natiuitatis
1148 2413 1290 2500 virginis
1319 2411 1474 2501 gloriose.

715 2567 761 2642 (4.
785 2565 970 2639 septembris).

320 2707 397 2768 ltem
423 2726 549 2766 causam
576 2707 658 2767 inter
682 2704 839 2787 Agatham
865 2718 896 2766 et
913 2703 1051 2766 Grexam
1078 2702 1285 2785 lutifigulum,
1303 2703 1408 2766 Grexa
1427 2723 1473 2764 re·

213 2813 296 2894 cepit
320 2814 359 2874 ad
386 2813 524 2894 primum
550 2812 717 2892 iudicium.

319 2920 395 2981 ltcm
421 2919 566 2981 Thomas
591 2920 746 3002 Malynyn
764 2919 908 2980 secundo
926 2919 1039 2979 citatus
1063 2931 1171 2979 contra
1198 2916 1405 2978 Valentinum
1424 2936 1474 2978 su·

213 3041 316 3089 torem
342 3027 381 3088 ad
407 3026 563 3106 judicium
589 3045 654 3087 non
680 3025 777 3087 venit.

321 3132 397 3194 ltem
423 3133 578 3193 Nicolaus
601 3147 690 3193 sutor
723 3146 833 3193 contra
859 3130 1012 3192 Mathiam
1045 3145 1186 3192 sutorem
1219 3129 1408 3189 secundario
1433 3129 1474 3189 ci-

216 3254 298 3300 tatus
324 3241 354 3300 in
381 3240 500 3319 judicio
525 3259 589 3300 non
615 3238 806 3320 comparuit.

319 3346 395 3407 ltem
421 3345 599 3427 Gregorius
625 3344 780 3428 Bwrdycb
806 3344 955 3406 terciario
972 3357 1081 3404 contra
1100 3342 1277 3422 Georgium
1303 3339 1475 3423 pellificem

213 3453 328 3513 citatus
353 3473 416 3513 non
442 3452 632 3533 comparuit.

321 3559 397 3620 ltem
423 3560 548 3620 Marcus
580 3558 720 3620 carnifex
753 3573 862 3620 contra
889 3555 1066 3636 Georgium
1100 3554 1271 3637 pellificem
1297 3555 1401 3636 primo
1433 3553 1475 3614 ci·

213 3679 297 3726 tatus
322 3685 384 3726 non
411 3666 601 3745 comparuit.

321 3771 398 3831 ltem
414 3772 569 3832 Martinus
587 3771 818 3853 Dwymowych
837 3787 945 3833 contra
965 3770 1144 3831 Fabianum
1162 3781 1303 3828 sutorem
1322 3765 1353 3825 in
1372 3764 1476 3845 primo

215 3876 335 3957 judicio
359 3897 544 3958 comparere
569 3891 600 3938 et
624 3877 663 3937 ad
689 3877 813 3957 objecta
839 3879 980 3939 eiusdem
1007 3875 1203 3956 respondere
1227 3873 1398 3934 tenebitur.

322 3984 398 4044 ltem
419 3984 555 4043 Mathias
573 3986 777 4065 pancerarius
794 3986 920 4045 racione
940 3983 1177 4044 verberacionis
1195 3995 1223 4041 et
1242 3978 1478 4041 vulneracionis

216 4087 346 4168 Georgii
375 4090 484 4151 famuli
504 4089 651 4171 plathnar
676 4092 768 4172 jurati
786 4091 1063 4167 adjudicaverunt,
1080 4089 1168 4169 quod
1183 4086 1323 4169 prelatus
1341 4083 1477 4145 Mathias

215 4197 420 4277 pancerarius
445 4197 571 4257 medico
586 4197 757 4258 satisfaciet
782 4213 811 4258 et
829 4198 887 4277 ipsi
914 4196 1058 4277 Georgio
1084 4196 1114 4254 in
1133 4193 1305 4255 duodecim
1324 4205 1354 4252 et
1372 4191 1477 4251 media

215 4303 322 4383 pensis
347 4303 552 4363 denariorum
587 4304 819 4365 wiennensium
853 4324 888 4364 ac
922 4303 1016 4364 nobis
1040 4318 1070 4364 et
1103 4298 1325 4361 communitati
1351 4316 1409 4379 pro
1435 4295 1478 4356 la·

216 4409 305 4468 mulo
331 4423 458 4469 centum
485 4410 636 4470 denariis.

324 4515 399 4577 ltem
427 4515 519 4594 jurati
544 4516 809 4593 adjudicaverunt
836 4517 865 4576 in
892 4515 975 4578 lacto
998 4514 1215 4577 ammissionis
1239 4513 1314 4595 palii
1341 4511 1477 4573 Emerici

218 4621 373 4704 Kuchyan
412 4622 547 4683 valentis
580 4623 662 4683 duos
698 4621 765 4684 flor.
798 4623 866 4684 auri
901 4636 930 4683 et
964 4623 1030 4704 ipse
1061 4619 1236 4702 suspiciunt
1271 4618 1409 4679 habebat
1439 4617 1479 4677 ad

218 4727 353 4789 Paulum
379 4726 574 4811 lagychych‚
600 4728 763 4790 Thomam
789 4727 987 4810 Strozlxoych
1013 4742 1043 4789 et
1065 4727 1273 4788 Dominicum
1298 4722 1479 4787 carnificem

217 4833 250 4897 in
274 4835 342 4895 eius
366 4835 554 4917 recepeione
573 4835 604 4897 in
629 4854 680 4914 eo,
707 4833 795 4916 quod
821 4832 880 4916 ipsi
897 4832 1035 4915 quilibet
1051 4834 1196 4917 ipsorum
1214 4830 1386 4895 terciomet
1400 4827 1489 4891 lesia

1395 4936 1441 4993 Ἄ
