3488 5272
238 318 257 377 6
600 316 801 392 Ann01450.
827 350 868 358 —
893 329 940 375 11.
963 314 1136 389 septembris.

240 550 308 593 rare
331 530 470 592 termino
486 528 661 591 solucionis
677 528 905 610 peccuniarum
929 545 988 608 pro
1012 526 1131 608 quibus
1154 526 1357 609 inpignorata
1381 524 1442 589 fuit
1467 524 1505 589 li-

237 652 304 699 tera
328 637 520 719 exspirante,
546 655 604 697 nec
628 635 799 717 assumpsit
822 655 855 697 se
880 633 964 696 velle
989 652 1119 695 usuram
1143 652 1240 717 super
1263 634 1365 717 ipsam
1389 652 1503 717 corpo·

242 743 341 805 ralem
366 742 553 825 peccuniam
578 754 811 804 excrescentem
837 741 896 824 ipsi
921 739 1025 803 ludeo
1057 740 1252 822 persolvere,
1275 740 1332 803 sed
1355 740 1388 802 in
1412 738 1504 803 totali

238 850 368 912 accione
402 850 502 931 ipsius
533 848 674 931 Philippi
704 846 858 909 aurifabri
891 846 1072 929 supradicta
1097 861 1144 910 est
1175 846 1348 925 innocens;
1372 846 1412 909 de
1436 864 1503 929 quo

240 956 361 1037 judicio
383 956 524 1038 ipsorum
543 954 719 1035 juratorum
737 953 840 1015 dictus
864 953 1032 1035 Philippus
1047 952 1209 1016 aurifaber
1232 972 1298 1015 non
1322 967 1504 1032 contentus,

239 1061 414 1145 appellavit
438 1061 572 1123 eandem
591 1059 868 1139 adjudicacionem
891 1059 1034 1141 ipsorum
1052 1058 1230 1139 juratorum
1247 1058 1279 1120 in
1305 1058 1503 1140 presenciam

237 1169 401 1231 seniorum
426 1166 569 1248 judicum
593 1185 652 1249 pro
676 1166 762 1228 finali
789 1166 888 1248 ipsius
912 1185 1004 1227 cause
1029 1165 1280 1228 deliberacione.

343 1273 420 1335 ltem
439 1272 605 1334 Emericus
623 1274 746 1334 Ztanko
760 1271 874 1348 dictus,
895 1269 994 1349 faber,
1012 1284 1121 1332 contra
1139 1270 1311 1332 Nicolaum
1329 1269 1505 1347 literatum,

238 1380 389 1463 juratum,
413 1381 518 1461 primo
542 1380 655 1442 citatus
678 1398 743 1440 non
769 1377 958 1459 comparuit.

343 1486 419 1548 ltem
454 1486 556 1547 Janko
592 1504 725 1567 arcupar
756 1498 865 1546 contra
906 1483 1042 1545 Paulum
1079 1481 1206 1545 fabrum
1240 1482 1361 1545 dictum
1393 1500 1506 1565 sporar

238 1592 381 1655 secundo
406 1592 519 1654 citatus
543 1611 607 1653 non
633 1590 822 1673 comparuit.

346 1698 422 1759 ltem
448 1698 523 1778 quia
549 1697 687 1779 quedam
713 1698 791 1758 silva
816 1696 847 1757 in
872 1695 1034 1758 territorio
1060 1708 1170 1757 nostro
1194 1714 1250 1758 seu
1275 1694 1412 1757 civitatis
1433 1712 1505 1777 pre·

242 1803 305 1866 late
331 1805 412 1866 inter
436 1804 548 1865 silvam
574 1803 706 1865 ecclesie
724 1818 830 1864 nostre
855 1802 1048 1884 parochialis
1064 1802 1149 1864 beati
1175 1800 1273 1863 Marci
1297 1798 1504 1883 ewangeliste

242 1910 485 1973 ameridionali
510 1924 609 1992 parte,
641 1923 671 1972 et
703 1910 784 1971 inter
815 1910 929 1971 silvam
963 1910 1097 1971 Fabiani
1132 1908 1330 1992 Conychych
1363 1906 1505 1971 concivis

238 2018 336 2079 nostri
363 2037 380 2077 a
405 2016 633 2097 septemtrione
668 2016 774 2077 habita
807 2030 838 2077 et
869 2016 1017 2093 existens,
1043 2016 1180 2098 desuper
1212 2014 1305 2076 avia
1337 2014 1505 2077 communi

239 2139 270 2186 et
294 2121 374 2183 inira
401 2142 502 2203 usque
528 2122 666 2182 rivulum
693 2142 724 2182 se
754 2122 939 2199 extendens,
964 2121 1022 2182 viri
1054 2122 1191 2184 condam
1216 2120 1343 2203 providi
1368 2119 1504 2183 Bartho-

238 2230 336 2291 lomei
363 2229 437 2291 dicti
464 2227 572 2290 Zudor
597 2228 693 2310 patris
717 2228 853 2289 carn-alis
884 2242 914 2289 et
938 2228 1087 2307 legittimi
1119 2228 1177 2289 viri
1203 2227 1350 2289 similiter
1373 2226 1502 2310 providi

238 2336 321 2397 Petri
348 2335 459 2397 decani
475 2334 676 2417 Zudrowych
695 2334 925 2415 cognominati,
950 2335 1092 2395 concivis
1108 2333 1255 2396 similiter
1278 2334 1389 2412 nostri,
1413 2352 1505 2417 emp·

238 2442 372 2504 cionalis
398 2456 427 2503 et
453 2442 638 2520 literatoria,
663 2462 680 2501 a
702 2441 857 2502 memoria
875 2440 1044 2501 hominum
1070 2439 1140 2518 fuit,
1158 2440 1310 2523 idemque
1335 2439 1504 2503 Bartholo-

237 2569 328 2610 meus
353 2563 441 2631 pater
466 2548 564 2630 ipsius
591 2548 671 2608 l‘etri
698 2548 811 2609 decani
838 2547 1039 2629 Zudrovv·ych
1066 2567 1165 2627 usque
1191 2546 1230 2609 ad
1256 2560 1395 2609 mortem
1411 2566 1503 2611 suam

238 2655 447 2737 temporalem
468 2653 499 2715 in
522 2652 654 2736 pacifico
679 2668 710 2715 et
733 2654 844 2733 quieto
869 2653 1015 2714 dominio
1033 2653 1176 2715 eiusdem
1202 2653 1281 2715 silve
1298 2672 1426 2735 semper
1449 2672 1503 2717 ex·

239 2762 302 2824 titit
326 2760 454 2821 nemine
488 2760 614 2842 penitus
645 2760 894 2837 contradicente,
928 2774 958 2821 et
989 2774 1060 2841 post
1086 2774 1222 2821 mortem
1256 2760 1400 2822 eiusdem
1426 2760 1502 2823 Bar·

237 2867 395 2929 tholomei
421 2865 529 2927 Zudnr
553 2866 664 2926 cadem
690 2866 769 2926 silva
793 2886 849 2926 sua
874 2886 969 2947 super
1002 2864 1160 2947 prefatum
1189 2866 1315 2927 Petrum
1343 2866 1502 2929 decanum

240 2972 341 3035 filium
368 2972 511 3033 eiusdem
546 2972 762 3032 llartltolomei
796 2972 863 3049 jure
897 2972 1090 3034 hereditario
1123 2972 1209 3051 juxta
1243 2973 1341 3055 ipsius
1365 2973 1504 3037 civitatis

239 3080 404 3161 antiquam
430 3078 696 3140 consvetudiuem
723 3092 752 3139 et
773 3079 1007 3160 privilegiatam
1034 3078 1212 3140 libertatem
1232 3079 1382 3142 devoluta
1400 3080 1503 3143 extitit

239 3201 268 3247 et
294 3184 481 3261 redundata,
508 3186 539 3245 in
564 3184 654 3245 cuius
679 3184 779 3245 eciam
805 3184 952 3245 dominio
974 3185 1059 3246 idem
1085 3186 1196 3245 l'etrus
1220 3186 1422 3269 Zudrovvych
1447 3186 1503 3249 de·

240 3311 338 3353 canus
362 3310 378 3350 a
396 3306 541 3371 tempore
560 3290 667 3350 obitus
690 3290 789 3372 ipsius
806 3290 1023 3351 Bartholomei
1043 3291 1151 3352 Zudor
1168 3292 1328 3373 patrissui
1354 3306 1384 3353 et
1401 3310 1501 3373 usque

239 3417 322 3458 nunc
347 3415 472 3477 semper
497 3394 627 3477 pacifice
654 3396 828 3477 permansit
852 3416 887 3457 ac
912 3397 1047 3479 prestitit
1068 3417 1103 3457 ac
1128 3398 1235 3478 quiete
1261 3398 1389 3459 nemine
1414 3399 1502 3461 sirni-

239 3505 311 3565 liter
336 3504 464 3585 penitus
487 3504 737 3581 contradicente,
770 3518 800 3564 et
833 3504 905 3564 licet
931 3504 998 3583 ipsa
1031 3503 1120 3565 litera
1154 3519 1260 3565 nostra
1284 3525 1340 3565 seu
1366 3505 1502 3567 civitatis

239 3609 379 3692 predicte
416 3608 623 3690 privilegialis
661 3629 718 3690 pro
755 3622 842 3689 parte
879 3609 977 3691 ipsius
1014 3610 1230 3671 Bartholomei
1263 3611 1372 3672 Zudor
1407 3632 1502 3694 super

239 3716 351 3778 eadem
377 3716 456 3775 silva
481 3714 625 3777 conlecta
651 3729 680 3776 et
705 3730 851 3777 emanata
877 3716 1045 3777 casualiter
1063 3716 1178 3777 amissa
1204 3729 1234 3778 et
1259 3717 1423 3801 deperdita
1449 3738 1501 3780 ex-

238 3822 301 3884 titit
334 3842 349 3882 a
382 3836 468 3883 certo
500 3836 594 3903 prout
619 3822 704 3882 idem
737 3822 849 3882 Petrus
880 3822 1021 3883 decanus
1053 3824 1146 3883 nobis
1179 3823 1287 3886 retulit
1319 3824 1501 3907 fidedigne;

238 3944 344 3989 tamen
370 3928 444 4008 quia
469 3929 508 3988 ad
533 3928 648 3989 trinam
679 3926 837 3987 sorensem
870 3942 900 3989 et
932 3928 1093 4009 publicam
1126 3928 1417 4011 proclamacionem
1443 3952 1500 4014 per

239 4055 297 4097 nos
313 4034 485 4116 superinde
507 4035 547 4097 de
572 4054 660 4096 more
685 4036 763 4097 alias
779 4049 932 4097 consueto
958 4034 1024 4097 lieri
1042 4038 1257 4113 commissam,
1274 4038 1398 4120 prelato
1416 4040 1500 4121 paci·

239 4140 300 4203 lico
325 4157 354 4202 ct
379 4141 490 4223 quieto
517 4140 662 4202 dominio
688 4142 829 4223 ipsorum
849 4142 1066 4203 Bartholomei
1091 4144 1200 4205 Zudor
1224 4158 1254 4205 et
1279 4146 1362 4208 Petri
1387 4145 1499 4208 decani

240 4248 296 4309 lilii
332 4248 381 4308 sui
413 4248 521 4308 nullus
556 4248 770 4310 contradictor
801 4248 948 4330 apparuit
979 4269 1037 4309 nec
1068 4250 1313 4313 contradictorie
1346 4253 1499 4332 obviavit,

241 4354 379 4435 ideoque
406 4374 464 4415 nos
488 4353 622 4415 eandem
648 4353 760 4415 silvam
786 4374 858 4415 cum
883 4356 1035 4417 omnibus
1054 4356 1120 4418 suis
1143 4357 1334 4419 utilitatibus
1358 4375 1388 4420 et
1405 4361 1499 4443 perti-

240 4462 362 4523 nenciis
387 4462 542 4521 universis
568 4458 692 4543 prefato
711 4461 805 4522 l‘etro
826 4462 948 4523 decano
972 4463 1097 4525 concivi
1115 4476 1224 4526 nostro
1248 4466 1415 4547 premisso,
1431 4468 1500 4548 jure

242 4567 436 4629 hereditario
461 4566 520 4627 sibi
547 4566 750 4629 incumbente
775 4588 812 4629 ac
834 4588 891 4651 per
911 4588 985 4631 eum
1002 4568 1148 4631 similiter
1165 4570 1336 4634 heredibus
1358 4574 1424 4633 suis
1439 4589 1500 4636 sta·

239 4676 361 4736 tuimus
385 4688 415 4737 et
439 4672 701 4737 confirmavimus
725 4674 908 4737 rationibus
937 4696 975 4737 ex
1003 4676 1166 4759 premissis
1189 4676 1256 4758 jure
1288 4692 1444 4762 perpetuo
1469 4695 1500 4744 et

243 4782 494 4844 irrevocabiliter
507 4780 734 4863 possidendam
748 4796 778 4844 et
791 4782 1100 4865 quomodocumque
1113 4784 1251 4847 voluerit
1263 4782 1498 4867 disponendam

241 4887 326 4969 juxta
353 4887 578 4951 condicionem
602 4890 739 4952 civitatis
760 4904 927 4973 prenotate
950 4892 992 4953 ab
1014 4890 1149 4975 antiquo
1171 4893 1392 4973 approbatam.
