3488 5272
607 347 693 401 Anno
712 340 802 420 1476.
830 377 870 384 —
896 358 943 400 12.
962 345 1111 416 januarii.

240 556 326 637 quod
346 555 430 616 idem
456 554 541 614 lwan
558 554 597 614 ab
612 554 680 634 ipso
697 555 825 615 recessit
842 568 913 635 post
937 554 1088 631 eundem,
1114 553 1252 614 eundem
1271 554 1503 633 investigasset,

241 666 280 722 ab
298 661 479 742 eodemque
504 661 620 721 dictam
639 660 779 721 tunicam
805 680 893 720 suam
915 661 981 741 ipse
1008 660 1187 720 Demetrius
1204 660 1391 740 recepisset;
1418 660 1504 720 unde

242 768 374 848 quidam
399 765 528 848 Waylro
553 781 583 828 et
609 767 674 848 ipse
698 766 873 846 Gregorius
898 764 993 827 frater
1018 766 1092 826 dicti
1113 765 1196 825 lwan
1222 766 1360 826 eundem
1389 765 1504 826 Deme·

241 873 336 934 trium
355 872 572 953 inculpabunt,
590 872 676 953 quod
695 872 814 932 dictum
836 872 917 932 lwan
945 873 1029 932 idem
1045 873 1250 948 verberasset,
1269 873 1299 932 in
1314 890 1377 952 qua
1391 872 1502 933 verbe·

242 980 369 1040 racione
387 979 471 1039 idem
492 978 574 1039 lwan
594 978 707 1039 eodem
727 978 778 1039 die
797 978 893 1038 vitam
913 976 1064 1039 linivisset
1082 977 1305 1058 temporalem,
1330 977 1414 1038 unde
1432 997 1503 1057 per·

241 1087 363 1167 cipiens
387 1084 527 1167 prelatus
553 1084 734 1145 Demetrius
758 1085 879 1164 juratus
903 1104 935 1145 se
957 1085 1139 1165 permittere
1164 1103 1228 1145 non
1254 1084 1430 1164 aggravari,
1447 1084 1503 1144 ad·

241 1191 344 1252 ductis
368 1211 476 1252 coram
502 1190 595 1252 nobis
619 1189 800 1252 confessore
826 1191 900 1251 dicti
928 1191 1011 1251 lwan
1036 1204 1067 1251 et
1090 1191 1237 1272 pluribus
1260 1192 1393 1252 testibus
1417 1191 1504 1253 vide·

241 1297 314 1358 licet
339 1297 481 1378 quodam
507 1296 675 1358 Clemente
701 1312 731 1357 et
756 1297 899 1378 Symone
923 1297 1067 1374 testibus,
1100 1298 1154 1378 qui
1182 1296 1252 1357 lassi
1279 1317 1386 1358 coram
1412 1298 1506 1359 nobis

240 1423 276 1463 ac
300 1417 365 1464 tota
384 1404 627 1481 communitate,
645 1403 732 1484 quod
751 1403 836 1464 idem
860 1403 1041 1464 Demetrius
1059 1403 1179 1481 juratus
1197 1423 1254 1464 nec
1279 1403 1399 1465 dictum
1419 1404 1503 1465 lwan

191 1491 193 1494 ’
239 1510 435 1570 verberasset
453 1529 510 1571 nec
528 1510 559 1569 in
585 1509 721 1570 minimo
739 1509 844 1570 eidem
863 1509 1033 1590 culpabilis
1051 1524 1132 1570 esset
1152 1509 1207 1569 sed
1225 1529 1281 1591 per
1305 1523 1503 1590 apostemam

239 1616 336 1675 vitam
363 1615 517 1676 finivisset
540 1615 765 1697 temporalem,
790 1636 822 1675 se
849 1616 932 1675 idem
953 1616 1135 1677 Demetrius
1158 1616 1279 1696 juratus
1303 1636 1410 1678 coram
1437 1617 1503 1697 ipsa

239 1722 470 1782 communitate
496 1721 623 1803 publice
649 1722 836 1803 expurgavit
864 1720 1031 1782 manifeste
1057 1735 1088 1782 et
1112 1722 1291 1784 eliberavit.

347 1827 423 1889 Item
444 1827 565 1906 judices
589 1842 619 1888 et
636 1829 850 1888 communitas
867 1847 993 1888 causam
1021 1828 1102 1888 inter
1120 1828 1303 1889 Emericum
1321 1829 1503 1910 selliparem

241 1948 271 1994 et
298 1933 498 1995 Anthonium
525 1932 718 2012 lutifigulum
753 1934 879 1994 racione
909 1934 1075 1994 cuiusdam
1109 1935 1203 1994 unius
1235 1933 1346 1994 floreni
1378 1933 1503 2014 adiudi-

239 2054 402 2116 eaverunt,
428 2039 515 2120 quod
535 2040 700 2100 Emericus
724 2040 853 2121 sellipar
871 2054 1016 2100 teneatur
1041 2040 1174 2101 reddere
1193 2040 1296 2121 ipsum
1316 2059 1415 2101 unum
1434 2040 1503 2103 flor.

240 2148 306 2207 auri
344 2145 467 2227 prelato
504 2144 669 2206 Anthonio
703 2145 864 2226 lutifigulo
901 2166 1000 2226 usque
1042 2146 1126 2207 diem
1160 2146 1401 2226 quindecimum
1434 2147 1503 2208 sine

240 2252 472 2333 prorogacione
498 2251 642 2332 aliquali.

346 2358 421 2419 ltem
449 2377 575 2418 causam
602 2358 683 2418 inter
708 2358 870 2418 Thomam
904 2374 1044 2419 sutorem
1077 2360 1198 2420 dictum
1226 2359 1446 2440 Fricheychyn
1471 2374 1502 2421 et

240 2465 381 2524 relictam
416 2464 653 2546 benchetynam
688 2465 816 2525 racione
850 2466 1015 2525 cuiusdam
1049 2466 1179 2546 dampni
1216 2486 1272 2526 seu
1303 2466 1412 2547 pabuli
1446 2487 1502 2546 per

240 2591 372 2652 peccora
409 2572 561 2632 devastati
596 2571 686 2648 jurati
732 2572 972 2651 adjudicarunt,
1006 2573 1093 2654 quod
1128 2574 1194 2655 ipse
1231 2573 1376 2635 Thomas
1413 2588 1502 2635 sutor

239 2677 341 2737 solvat
366 2678 469 2758 ipsum
495 2677 670 2758 dampnum
698 2679 796 2760 ipsius
822 2680 930 2759 pabuli
955 2680 1012 2759 ipsi
1039 2680 1170 2741 domine
1196 2693 1226 2741 et
1251 2681 1327 2760 Jurg
1350 2680 1501 2750 carnifex,

239 2784 313 2863 quia
339 2797 369 2842 et
401 2784 485 2862 apud
519 2784 622 2863 ipsum
656 2786 962 2864 cognominaverant
995 2787 1171 2867 dampnum
1207 2787 1305 2867 ipsius
1338 2788 1446 2868 pabuli
1471 2803 1503 2850 et

239 2909 372 2970 peccora
398 2889 496 2970 ipsius
521 2889 646 2969 ,lurglu
665 2905 695 2950 et
719 2892 742 2950 si
769 2911 850 2971 quos
875 2893 974 2953 scient
999 2908 1028 2951 et
1054 2908 1161 2952 contra
1188 2913 1269 2974 quos
1294 2894 1412 2954 habent
1444 2895 1501 2955 du·

240 2997 328 3056 bium
355 2996 458 3075 ipsum
485 2994 661 3076 dampnum
689 2997 787 3077 ipsius
812 2998 932 3078 pabuli,
959 2999 1043 3079 ipsos
1060 2997 1251 3075 judicialiter
1283 3001 1321 3059 ad
1345 2999 1499 3077 judicium

240 3116 417 3182 provocant
442 3115 471 3161 et
496 3122 568 3161 cum
594 3103 713 3162 eisdem
740 3118 844 3183 agant.

346 3207 420 3267 ltem
448 3208 547 3287 ipsam
574 3229 702 3269 causam
728 3211 793 3291 ipse
815 3211 899 3290 Ju'rg
924 3211 1098 3292 appellavit
1116 3212 1146 3270 in
1173 3214 1368 3289 presenciam
1393 3214 1499 3274 senio·

239 3333 307 3373 rum
335 3312 477 3389 judicum
503 3315 753 3392 discuciendam,
779 3316 865 3396 quod
893 3336 956 3376 non
975 3331 1100 3377 tenetur
1125 3318 1191 3398 ipse
1216 3319 1341 3379 nullum
1368 3339 1503 3400 querere

239 3421 319 3479 circa
345 3420 480 3479 dubium
505 3421 559 3480 sed
584 3421 708 3482 solvere
735 3422 800 3501 ipse
827 3422 982 3483 Thomas.

346 3527 421 3586 ltem
447 3546 574 3586 causam
594 3529 675 3588 inter
693 3529 842 3588 luracum
869 3544 1009 3590 sutorem
1029 3546 1058 3591 et
1075 3532 1237 3591 Andream
1258 3532 1401 3593 ltalicum
1421 3532 1503 3611 judi·

238 3647 348 3692 carunt
374 3632 465 3709 jurati
491 3634 530 3693 ad
556 3634 695 3713 primum
722 3633 863 3695 futurum
889 3635 974 3695 diem
1001 3636 1215 3713 judiciarium.

346 3738 420 3798 ltem
455 3759 581 3798 causam
617 3740 697 3801 inter
727 3740 920 3820 Gregorium
954 3757 1095 3803 sutorem
1129 3758 1159 3804 et
1185 3744 1376 3806 Michaelem
1403 3748 1502 3807 carni-

239 3844 329 3905 ficem
356 3844 446 3923 jurati
474 3844 747 3924 adjudicaverunt,
772 3847 858 3927 quod
878 3847 1054 3928 Gregorius
1073 3864 1160 3910 sutor
1178 3848 1253 3911 seria
1279 3853 1373 3912 tercia
1400 3853 1503 3934 jurare

239 3951 334 4011 debet
358 3952 502 4032 proxime
529 3966 660 4012 ventura
687 3954 717 4013 in
743 3974 796 4013 ara
821 3969 927 4015 sancte
953 3954 1076 4017 Crucis.

345 4057 420 4116 ltem
447 4056 570 4138 Agatha
596 4058 789 4120 Brissacicba
815 4061 854 4120 ad
888 4060 1041 4132 judicium
1069 4082 1132 4123 non
1160 4064 1246 4124 venit
1280 4084 1384 4145 neque
1418 4067 1504 4126 misit

238 4176 333 4242 prout
364 4163 424 4222 sibi
458 4164 664 4226 commissum
699 4164 757 4225 luit
791 4185 845 4246 per
882 4166 1003 4245 juratos
1036 4168 1152 4229 intrare
1177 4169 1215 4228 ad
1249 4169 1403 4248 judicium
1435 4173 1503 4234 sine

238 4269 326 4328 omni
352 4269 506 4330 citacione
533 4269 688 4334 ulteriori.
