3488 5272
587 300 675 358 Anno
698 296 792 378 1464.
816 314 931 378 -13.
946 299 1102 378 janaan'i.
1418 320 1480 384 ²47

218 511 341 595 judicio
365 513 576 595 comprobare
607 512 778 589 tenebitur,
811 526 842 574 et
866 512 943 574 dum
976 513 1202 595 comprobabit
1226 513 1292 596 ipse
1318 514 1481 592 Nicolaus‚

216 634 335 683 extunc
360 619 447 681 illico
472 618 561 701 quod
578 618 737 681 demeruit
753 618 825 680 talis
849 618 903 701 qui
928 617 1006 681 false
1030 618 1156 699 juravit,
1180 620 1340 702 pacietur;
1358 620 1480 701 dequo

216 725 366 788 similiter
389 725 509 806 judicio
535 726 601 806 ipse
618 725 772 787 Nicolaua
796 745 859 787 non
886 739 1055 788 contentus
1072 726 1209 788 eandem
1227 745 1353 787 causam
1372 726 1479 809 appel·

218 832 295 895 lavit
320 832 359 894 ad
384 832 527 894 seniores
554 831 686 911 judices.

323 938 400 1000 ltem
427 938 609 1001 Demetrius
640 951 750 1000 tonsor
782 957 964 1020 pannorum
994 954 1104 1001 contra
1137 939 1303 1002 dominam
1336 939 1479 1001 relictam

218 1045 380 1129 Soldynar
411 1045 516 1127 primo
548 1045 661 1107 citatus
692 1045 723 1106 in
757 1044 877 1126 judicio
910 1064 974 1107 non
1007 1046 1187 1128 comparuit
1218 1046 1347 1107 racione
1379 1045 1478 1108 debiti

216 1151 288 1213 xvi
313 1151 383 1216 flor.

321 1258 399 1321 ltem
432 1278 560 1321 causam
594 1258 675 1319 inter
706 1256 870 1319 Thomam
902 1257 1061 1341 Magdych
1094 1272 1248 1321 sartorem
1280 1275 1311 1320 et
1347 1260 1476 1321 Petrum

218 1364 509 1427 molendinatorem
534 1364 661 1426 racione
687 1364 923 1426 verberacionis
947 1366 1029 1426 inter
1051 1366 1137 1447 ipsos
1160 1380 1282 1444 mutue,
1306 1365 1399 1445 jurati
1424 1365 1478 1427 ad·

217 1471 439 1552 judicaverunt
456 1471 571 1549 taliter,
588 1471 664 1552 quia
682 1471 749 1552 ipse
763 1470 874 1533 Petrus
891 1472 1113 1554 comprobavit
1140 1472 1227 1553 quod
1247 1472 1315 1554 ipse
1333 1471 1479 1534 Thomas

218 1591 319 1640 sartor
343 1578 483 1640 eundem
515 1578 565 1639 via
598 1578 630 1639 in
655 1576 756 1639 libera
788 1578 943 1660 percussit
967 1592 997 1640 et
1026 1579 1056 1639 in
1089 1598 1163 1640 eum
1189 1579 1290 1657 irruit,
1313 1579 1479 1641 convictus

217 1696 265 1746 est
289 1696 399 1746 contra
432 1684 537 1766 ipsum
569 1683 698 1745 Petrum
731 1683 763 1745 in
788 1681 872 1746 lacto
897 1685 1062 1766 potencie3
1087 1698 1118 1746 et
1150 1685 1237 1767 quod
1263 1705 1346 1747 unus
1377 1684 1477 1746 alium

215 1806 439 1873 percusserunt
463 1804 575 1853 mutuo
608 1790 704 1853 ambo
736 1791 891 1853 sustinere
924 1791 1053 1870 debent,
1081 1806 1113 1854 et
1144 1794 1240 1854 ambo
1273 1791 1313 1854 de
1338 1792 1477 1872 birsagio

215 1896 337 1959 eisdem
362 1896 472 1978 juratis
496 1911 527 1959 et
558 1896 656 1978 judici
688 1895 886 1975 satisfacere3
918 1897 958 1959 de
982 1917 1048 1979 quo
1081 1897 1201 1979 judicio
1233 1899 1299 1980 ipse
1334 1896 1478 1960 Thomas

214 2022 280 2065 non
306 2017 476 2066 contentus
499 2003 539 2065 ad
563 2005 705 2066 seniores
728 2003 902 2086 appellavit
925 2004 1056 2085 judices.

321 2110 401 2171 ltem
425 2110 572 2173 terciario
596 2110 830 2193 proclamatum
858 2130 953 2193 super
984 2110 1063 2172 silva
1087 2110 1185 2172 Blasii
1210 2108 1366 2172 carnificis
1389 2110 1476 2174 Chu-

214 2215 401 2300 dawchych,
418 2216 507 2297 quod
531 2215 706 2297 Gregorius
722 2214 808 2278 filius
832 2216 913 2301 Elye
930 2217 1083 2278 institoris
1099 2216 1239 2299 perdidit
1256 2217 1363 2278 literas
1379 2237 1474 2300 super

214 2322 327 2384 eadem
351 2323 441 2401 silva,
466 2343 529 2404 que
547 2323 683 2385 inveniri
709 2342 773 2385 non
798 2336 984 2405 potuerunt,
1008 2342 1104 2406 quam
1129 2322 1242 2385 silvam
1267 2324 1334 2405 ipse
1354 2322 1476 2404 Grego-

213 2429 279 2491 rius
302 2429 447 2493 vendidit
471 2430 577 2492 eidem
601 2429 721 2492 Blasio.
