3488 5272
237 319 298 379 282
612 316 814 397 Anno1465.
840 352 881 361 «-
902 332 936 394 9.
960 317 1129 379 novembris.

237 552 306 594 rum
332 533 503 615 recepisset
528 552 582 594 seu
608 533 705 615 recipi
732 532 873 605 iecissem
898 531 938 593 de
963 551 1029 614 quo
1046 530 1167 613 judicio
1191 530 1259 613 ipse
1283 528 1401 591 Paulus
1416 528 1507 591 auri·

236 638 325 702 faber
350 660 414 701 non
440 652 609 701 contentus
633 639 673 700 ad
697 640 839 701 seniores
863 639 1054 721 appellasset
1078 637 1210 719 judices.

343 747 419 809 Item
446 766 573 808 causam
599 747 681 808 inter
705 747 849 809 relictam
882 745 1020 807 condam
1045 744 1170 805 Bencze
1194 742 1251 805 filii
1277 741 1413 804 condam
1438 740 1505 803 De·

236 855 340 915 metrii
365 854 458 935 jurati
484 868 515 915 et
546 854 628 914 inter
653 853 794 915 Blasium
828 850 1023 933 lutifigulum
1058 850 1187 912 racione
1219 849 1385 912 cuiusdam
1409 847 1505 925 silve,

237 961 330 1042 jurati
356 960 590 1042 adjudicarunt,
616 960 703 1041 quod
729 962 796 1042 ipsa
828 960 907 1020 silva
934 959 1029 1020 debet
1053 958 1148 1020 vendi
1182 971 1213 1020 et
1237 956 1392 1019 medietas
1416 954 1502 1017 dicte

237 1068 391 1150 peccunie
416 1068 482 1128 dari
509 1067 603 1128 debet
629 1067 736 1128 relicte
761 1067 860 1147 ipsius
889 1066 1026 1143 Bencze,
1050 1066 1113 1127 alia
1137 1085 1213 1127 vero
1238 1064 1392 1126 medietas
1415 1062 1503 1123 dicte

238 1174 390 1257 peccunia
415 1193 474 1255 pro
498 1174 667 1234 animabus
691 1174 820 1235 illorum
846 1191 984 1252 quorum
1011 1171 1081 1250 fuit,
1105 1170 1233 1254 exponi.

303 1378 449 1448 Sabbata
477 1375 628 1465 proximo
657 1386 733 1465 post
762 1376 885 1447 festum
914 1374 1004 1446 beati
1033 1373 1192 1448 leonardi
1221 1371 1434 1447 confessoris.

746 1516 789 1586 (9.
812 1510 997 1583 amentatis).

344 1636 421 1697 laem
446 1636 588 1696 seniores
619 1635 742 1716 judices
773 1654 901 1695 causam
934 1653 991 1715 per
1023 1631 1143 1713 juratos
1167 1631 1250 1693 dicte
1274 1630 1411 1693 civitatis
1442 1630 1502 1691 ad-

238 1744 409 1817 judicatam
436 1744 517 1803 inter
534 1742 702 1803 dominum
726 1741 905 1801 iohannem
923 1740 1115 1800 canonicum
1132 1738 1266 1800 ecclesie
1284 1736 1502 1818 zagrabiensis

238 1864 267 1909 et
294 1848 515 1926 koucharium,
540 1869 575 1909 ex
602 1863 689 1929 parte
715 1848 922 1907 dominorum
951 1846 1181 1907 canonicorum
1206 1844 1237 1904 in
1263 1842 1388 1905 koucha
1413 1856 1500 1905 extra

238 1970 363 2036 portam
397 1954 592 2032 carnificum,
624 1970 658 2015 ut
682 1969 833 2031 actorem,
864 1970 893 2014 et
918 1954 1000 2013 inter
1030 1952 1171 2013 Blasium
1205 1951 1382 2013 institorem
1414 1950 1499 2011 dicte

239 2063 385 2140 civitatis,
410 2078 444 2123 ut
468 2064 499 2122 in
525 2082 651 2123 causam
685 2076 863 2138 attractum,
893 2060 1020 2120 racione
1054 2058 1286 2140 vituperiorum
1310 2076 1367 2139 per
1391 2056 1498 2138 ipsum

240 2171 380 2231 Blasium
406 2185 515 2230 contra
541 2171 643 2250 ipsum
669 2169 837 2229 dominum
865 2166 1043 2227 iohannem
1068 2163 1225 2226 factorum
1251 2178 1281 2223 et
1305 2161 1345 2223 ad
1370 2183 1429 2224 nos
1451 2182 1501 2223 se·

239 2278 345 2336 niores
370 2276 489 2351 judices
515 2295 569 2356 per
596 2276 698 2356 ipsum
731 2274 900 2334 dominum
927 2272 1106 2333 iohannem
1139 2270 1344 2351 appellatam,
1370 2289 1428 2330 nos
1450 2288 1499 2330 se·

238 2386 345 2443 niores
370 2382 491 2453 iudices
515 2382 619 2442 taliter
637 2380 903 2455 adjudicavimus,
929 2378 1015 2459 quod
1040 2378 1107 2458 ipse
1125 2376 1250 2437 Blasius
1273 2375 1398 2436 institor
1415 2373 1501 2453 juxta

238 2488 542 2569 comprobationem
571 2488 698 2547 testium
724 2487 823 2567 ipsius
848 2485 971 2545 domini
998 2484 1162 2560 lobannis,
1187 2496 1296 2542 contra
1321 2482 1426 2563 ipsum
1443 2480 1501 2542 do-

237 2596 360 2655 minum
386 2594 565 2654 iohannem
591 2594 757 2653 convictas
782 2607 828 2652 est
853 2592 884 2651 in
910 2592 1020 2652 decem
1042 2590 1156 2650 marcis
1179 2588 1397 2665 denariorum,
1421 2602 1501 2649 tam·

238 2722 334 2782 quam
359 2716 468 2761 contra
494 2720 593 2760 unum
620 2721 655 2759 ex
675 2700 834 2774 judicibus
858 2699 941 2759 dicte
966 2697 1137 2775 (civitatis),
1155 2715 1290 2776 quarum
1316 2694 1379 2757 due
1396 2709 1502 2778 partes

237 2809 315 2885 leso,
340 2808 435 2868 tercia
462 2828 533 2887 pars
557 2806 779 2867 communitati
807 2805 889 2865 dicte
915 2803 1061 2863 civitatis.

344 2914 420 2974 ltem
446 2934 504 2973 nos
537 2914 678 2972 seniores
712 2912 832 2986 judices
864 2930 991 2971 causam
1026 2911 1107 2969 inter
1140 2910 1313 2969 llartinum
1340 2908 1499 2969 seniorem

238 3021 374 3097 judicem
400 3021 483 3080 dicte
508 3020 654 3093 civitatis,
680 3033 713 3077 ut
746 3032 885 3078 actorem
912 3020 951 3077 ab
978 3037 1051 3089 una,
1085 3030 1113 3075 et
1140 3016 1307 3096 providam
1333 3014 1500 3076 dominam

239 3127 437 3205 llarparetha
461 3142 617 3201 vocatam,
643 3126 796 3197 relictam,
834 3140 863 3183 et
896 3124 978 3184 lilios
1003 3122 1139 3182 coardam
1173 3122 1268 3182 Blasii
1295 3121 1419 3197 judicia,
1443 3120 1500 3183 filii

239 3234 338 3295 l'auli.
366 3250 398 3294 ut
432 3235 462 3293 in
497 3253 625 3293 causam
661 3248 820 3299 attractus,
845 3252 900 3312 per
935 3232 1052 3301 juratos
1086 3231 1167 3290 dicte
1197 3230 1331 3290 civitatis
1354 3242 1500 3311 tempore

237 3338 396 3417 judicatus
421 3340 477 3397 vivi
505 3340 629 3419 providi
652 3339 746 3397 illasii
766 3338 991 3419 ltovntvlycla,
1016 3338 1151 3396 senioris
1170 3336 1293 3413 judicis,
1320 3334 1395 3396 feria
1414 3349 1499 3397 sexta

237 3460 307 3525 post
333 3444 446 3505 festum
485 3446 715 3505 (lamversionis
752 3448 833 3505 beati
873 3446 960 3505 l'auli
995 3445 1143 3525 apostoli,
1176 3445 1215 3503 de
1249 3463 1333 3503 atauo
1367 3444 1498 3504 Domini

238 3550 449 3611 alctjtjtltx
476 3553 591 3631 prima,
626 3552 824 3631 aliquamdiu
860 3552 1028 3631 preteritis,
1061 3552 1188 3610 racione
1214 3550 1390 3609 oblacionis
1422 3569 1500 3631 qua·

236 3658 383 3717 rumdam
403 3677 506 3717 rerum
523 3673 551 3718 et
571 3660 729 3717 lmnorum
748 3658 962 3731 adjttdicatam
982 3672 1011 3717 et
1029 3678 1084 3737 per
1108 3672 1296 3716 atalantamm
1324 3656 1497 3717 llartinum

236 3764 372 3839 judicem
399 3766 437 3823 ad
470 3784 527 3823 uos
551 3764 692 3824 seniores
726 3765 846 3837 judices
878 3766 1082 3845 appellatam,
1116 3783 1173 3821 nos
1208 3764 1350 3823 seniores
1375 3762 1499 3839 judices

237 3870 319 3931 facto
346 3872 376 3930 in
402 3872 557 3951 premisso
582 3872 686 3931 taliter
712 3872 965 3943 adjmlicauimus
991 3872 1230 3946 alintummas,
1256 3871 1329 3949 quia
1356 3870 1413 3951 ipsi
1440 3869 1497 3930 do·

236 3978 322 4037 mine
348 3978 454 4037 relicte
482 3978 579 4057 ipsius¹
597 3978 732 4037 cotulam
762 3978 854 4036 illasii
882 3978 995 4049 iudicis¹
1012 3977 1229 4045 aditadicatum
1255 3973 1313 4036 fuit
1340 3976 1499 4047 iuramen-

236 4101 305 4146 tum
331 4086 493 4145 terciemet
518 4086 582 4144 suis
607 4104 678 4144 cum
705 4088 861 4145 consociis
889 4086 1010 4145 civissis
1042 4087 1124 4144 dicte
1150 4086 1296 4155 civitatis,
1325 4084 1412 4163 quod
1439 4103 1496 4144 nec

236 4194 302 4273 ipsa
327 4192 381 4253 sed
407 4212 466 4252 net·
492 4192 631 4273 prelatus
656 4192 791 4251 carradam
816 4192 938 4251 Blasitrs
957 4192 1048 4269 judex
1076 4192 1115 4251 de
1142 4194 1234 4250 selvas
1253 4190 1350 4271 ipsius
1368 4190 1496 4250 Muttini

236 4300 348 4378 judicis
373 4319 436 4357 nnn
464 4300 654 4378 recepissent
690 4319 746 4358 uec
779 4300 887 4378 arlitpm
913 4298 1050 4377 dampna
1087 4298 1277 4370 intulissent,
1304 4296 1494 4375 premissum

237 4404 449 4480 juramentum
477 4420 522 4465 est
556 4404 773 4473 talitalicatum
809 4405 865 4483 ipsi
894 4406 1031 4463 llartinn
1064 4403 1173 4479 judici,
1198 4404 1273 4481 quia
1298 4402 1406 4482 aliqua
1432 4402 1499 4483 ipsa

236 4512 366 4573 domina
394 4533 457 4572 non
492 4512 629 4591 negavit,
662 4511 807 4571 similiter
841 4512 1005 4571 tercinmet
1032 4510 1106 4570 lesia
1139 4524 1224 4571 sexta
1259 4510 1402 4591 proxima
1428 4523 1498 4591 post

237 4618 351 4680 festum
377 4620 460 4680 beuti
489 4619 615 4679 ¹llartini
643 4620 673 4678 in
700 4638 752 4678 ara
777 4632 882 4677 salutate
910 4618 1032 4678 (Iuleis.

343 4726 420 4786 ltem
445 4744 572 4785 eausam
607 4726 688 4785 inter
714 4724 848 4784 l‘aulum
882 4722 1091 4799 aurifabrum,
1117 4738 1148 4783 ut
1180 4738 1320 4783 actorem
1356 4726 1395 4783 ab
1421 4743 1494 4801 una,

236 4846 266 4892 et
292 4832 373 4893 inter
398 4832 586 4892 Conradum
612 4832 751 4907 llavsar,
775 4830 933 4891 seniorem
960 4828 1110 4907 judicem,
1141 4847 1171 4891 et
1196 4830 1342 4891 concives
1367 4844 1492 4891 nostros
1571 4820 1575 4827 ¹
