3488 5272
235 292 301 352 440
641 275 729 334 Anno
751 285 840 353 1475.
865 308 906 317 -
929 287 958 353 7.
983 277 1096 350 aprilis.

469 512 564 585 ieris
595 523 691 586 sexta
720 523 796 604 post
825 522 966 585 octavas
996 514 1101 585 Pasce
1128 513 1267 586 Domini.

766 676 806 744 (7·
831 667 962 742 aprilz's).

344 808 377 869 ln
395 828 488 869 causa
515 809 596 869 inter
624 809 766 869 Marcum
796 807 976 870 carnificem
998 823 1029 869 et
1046 809 1245 870 Demetrium
1271 809 1385 892 Syczk,
1413 810 1500 872 idem

238 915 364 976 Marcus
389 915 428 975 ad
446 915 624 996 proximam
642 914 727 974 diem
753 913 921 994 juridicam
939 934 1125 997 comparere
1149 916 1320 994 tenebitur,
1345 916 1503 998 quiajam

238 1022 287 1083 bis
311 1023 424 1084 citatus
448 1041 513 1083 non
538 1021 714 1102 respondit,
739 1022 794 1082 sed
820 1023 851 1083 in
880 1023 979 1083 tercio
1004 1023 1199 1104 respondere
1223 1023 1396 1086 tenebitur.

344 1146 420 1207 Item
449 1146 581 1206 domum
614 1147 832 1208 Ztrozkowicz
862 1167 960 1229 penes
992 1147 1125 1209 domum
1159 1146 1255 1208 Blasii
1289 1149 1429 1228 sartoris,
1455 1169 1502 1210 se·

239 1251 338 1313 nioris
362 1252 487 1333 judicis,
510 1251 631 1332 judices
655 1252 921 1332 adjudicaverunt
946 1254 1050 1315 eidem
1081 1255 1187 1316 Blasio
1210 1256 1324 1331 sartori
1350 1268 1503 1338 perpetue

238 1359 466 1441 possidendam
493 1379 551 1440 pro
583 1359 742 1440 dampnis,
775 1380 837 1440 que
869 1360 954 1422 idem
985 1361 1110 1421 Blasius
1141 1374 1187 1422 est
1210 1380 1321 1443 passus
1345 1362 1376 1423 in
1402 1362 1502 1424 domo

238 1482 293 1523 sua
318 1465 445 1545 propria
470 1484 525 1545 per
549 1465 673 1545 pluvias
698 1479 728 1525 et
752 1465 914 1527 stillicidia
940 1466 978 1526 de
1003 1465 1125 1547 prefata
1151 1467 1259 1529 dom0.

345 1588 421 1649 Item
447 1589 486 1649 ad
512 1588 688 1669 predictam
714 1589 848 1650 domum
873 1591 974 1651 tribus
992 1591 1115 1651 vicibus
1140 1603 1186 1652 est
1211 1591 1444 1672 proclamatum
1470 1606 1502 1655 et

238 1693 357 1755 iactum
381 1695 572 1776 proclamari
598 1714 654 1777 per
678 1697 816 1756 eundem
844 1697 986 1758 Blasium
1011 1712 1177 1776 sartorem,
1201 1699 1398 1780 quicumque
1429 1718 1503 1760 ean·

239 1800 312 1861 dem
330 1801 406 1861 velit
423 1820 547 1876 emere3
567 1802 641 1861 item
661 1822 696 1862 ex
716 1821 872 1863 consensu
891 1803 1072 1864 vicinorum
1091 1804 1234 1864 eiusdem
1261 1805 1377 1865 domus
1394 1805 1504 1866 Ztroz·

239 1910 338 1991 koycz
362 1909 447 1969 idem
474 1909 599 1971 Blasius
623 1924 724 1969 sartor
748 1910 893 1971 vendidit
918 1911 1055 1971 eandem
1081 1911 1215 1972 domum
1240 1913 1422 1990 Augustino
1440 1932 1504 1973 sar·

238 2015 298 2076 tori
324 2035 381 2096 pro
406 2016 506 2076 tribus
530 2015 610 2093 flor,
636 2017 674 2076 ad
700 2036 796 2096 quam
826 2018 915 2078 litera
938 2018 1108 2078 commissa
1132 2032 1178 2079 est
1201 2018 1261 2079 sibi
1287 2019 1357 2079 dari
1382 2021 1441 2081 sub
1465 2020 1504 2080 si·

237 2121 317 2201 gillo
342 2122 591 2183 communitatis.

345 2227 423 2288 Item
450 2228 481 2288 in
507 2248 599 2288 causa
633 2228 713 2288 inter
746 2228 909 2309 Filippum
944 2229 1059 2290 Dwdin
1093 2243 1122 2290 et
1155 2229 1334 2311 Georgium
1361 2246 1503 2295 sutorem

239 2332 346 2414 Jwrgh
371 2333 503 2411 dictum,
529 2334 595 2414 ipse
622 2333 782 2414 Georgius
805 2348 893 2395 sutor
917 2335 1060 2396 secundo
1089 2336 1202 2397 citatus
1226 2356 1291 2398 non
1310 2340 1501 2421 comparuit.

345 2456 423 2517 Item
449 2457 479 2517 in
506 2477 599 2517 causa
618 2458 700 2519 inter
718 2457 906 2518 Michaelem
924 2478 1080 2538 generum
1100 2460 1186 2520 Luce
1211 2460 1328 2522 sutoris
1352 2476 1382 2523 et
1400 2461 1502 2524 Geor·

242 2563 332 2643 gium
350 2562 560 2641 Hocchewar,
585 2564 670 2624 idem
697 2564 875 2625 Hoccewar
900 2565 930 2624 in
961 2565 1065 2647 primo
1090 2565 1210 2645 judicio
1235 2586 1299 2627 non
1326 2570 1505 2649 comparuit

243 2669 364 2731 citatus.

347 2775 421 2835 item
449 2776 479 2835 in
504 2797 596 2836 eausa
623 2777 704 2837 inter
731 2778 872 2838 Marcum
905 2778 1086 2839 carnificem
1112 2793 1142 2839 et
1167 2778 1346 2859 Georgium
1373 2780 1504 2862 Pyzani,

239 2881 325 2942 idem
352 2880 511 2962 Georgius
538 2884 654 2964 Pyzani
680 2885 778 2945 tercio
804 2885 916 2945 citatus
950 2900 980 2945 et
1005 2886 1120 2946 eodem
1146 2904 1201 2946 ore
1226 2887 1354 2966 publice
1380 2888 1504 2967 procla-

241 3002 344 3049 matus
358 3004 388 3049 et
403 3005 532 3050 vocatus
546 3011 609 3050 non
625 2992 804 3072 comparuit
816 3012 920 3071 neque
941 3012 1040 3073 perse
1059 3012 1163 3072 neque
1178 3011 1233 3073 per
1251 3008 1502 3073 procuratorem.

346 3115 421 3175 item
451 3116 481 3174 in
507 3137 599 3176 causa
626 3116 706 3177 inter
733 3118 836 3177 Eliam
863 3133 1122 3199 campanatorcm
1150 3133 1179 3178 et
1204 3119 1404 3180 Anthonium
1431 3120 1504 3181 luti·

240 3219 373 3300 figulum
399 3222 437 3281 ad
465 3223 642 3302 proximam
661 3224 746 3284 diem
765 3224 963 3302 judiciariam
983 3225 1100 3285 debent
1124 3245 1307 3306 comparere
1326 3227 1356 3286 in
1383 3227 1503 3305 judicio

241 3340 271 3386 et
295 3347 387 3406 agere
413 3328 480 3387 sine
506 3329 592 3388 omni
621 3330 762 3390 ulteriori
793 3331 1034 3411 prorogacione.

348 3433 423 3493 Item
450 3434 480 3493 in
507 3454 598 3495 causa
627 3436 794 3496 laurencii
817 3456 926 3515 sporar
952 3449 982 3496 et
1007 3437 1149 3497 Marcum
1169 3438 1348 3498 carnificem
1376 3441 1503 3502 racione

241 3539 468 3599 maccellorum
495 3539 533 3599 ad
559 3541 695 3621 primam
719 3542 803 3602 diem
829 3541 1029 3622 judiciariam
1049 3559 1182 3624 uterque
1209 3545 1392 3605 testimonia
1417 3547 1502 3607 exhi·

242 3645 329 3705 bebit
354 3665 411 3726 pro
437 3661 522 3727 parte
548 3668 614 3708 sua.

348 3752 424 3814 Item
451 3754 481 3812 in
514 3774 606 3813 causa
640 3755 720 3815 inter
747 3755 881 3814 Paulum
908 3756 1047 3835 ,lagaticz
1080 3770 1108 3816 et
1143 3758 1356 3817 laurencium
1383 3779 1503 3840 sporar,

241 3858 344 3918 eidem
371 3860 471 3919 Paulo
496 3875 541 3919 est
567 3860 784 3937 adjudicatum
812 3877 948 3942 prestare
981 3864 1195 3942 iuramentum
1221 3884 1316 3944 super
1341 3885 1389 3943 e0,
1415 3867 1502 3946 quod

240 3965 305 4045 ipse
334 3985 397 4025 non
424 3966 547 4046 depulit
566 3966 713 4026 homines
738 3967 880 4026 eiusdem
902 3969 1103 4030 Laurenciin
1130 3971 1291 4044 maccelo;
1318 3987 1347 4031 et
1372 3972 1432 4033 hoc
1451 3972 1503 4034 fiet

241 4071 271 4130 in
298 4086 412 4132 octavo
437 4072 488 4134 die
514 4094 529 4132 a
556 4073 607 4132 die
633 4073 780 4154 presenti.

350 4195 425 4256 ltem
451 4218 544 4257 causa
571 4198 651 4258 inter
669 4197 837 4258 dominnm
864 4199 1041 4279 Georgium
1059 4200 1233 4280 plebanum
1253 4203 1385 4264 ecclesie
1404 4205 1502 4264 sancti

243 4302 370 4361 Martini
397 4317 426 4362 et
446 4303 586 4364 Blasium
605 4304 765 4364 Zteniczki
786 4305 911 4364 racione
935 4306 1050 4365 domus
1075 4307 1294 4369 Ztrozltou'icz
1320 4325 1365 4370 est
1392 4330 1502 4391 proro-

240 4423 311 4488 gata
337 4408 375 4468 ad
402 4410 537 4490 primam
564 4411 648 4471 diem
675 4410 884 4490 judiciariam.

347 4532 422 4593 item
449 4533 575 4593 dacium
601 4535 640 4595 de
666 4535 764 4595 domo
790 4536 1009 4596 Ztrozkowicz
1028 4537 1191 4598 exsolvere
1210 4540 1427 4617 adiudicatum
1445 4556 1501 4617 est,

242 4653 274 4698 ut
300 4638 358 4720 ipsi
383 4639 437 4720 qui
464 4640 598 4700 eandem
625 4641 758 4702 domum
781 4640 986 4703 inhibuerant
1012 4658 1041 4703 et
1067 4663 1123 4724 pro
1149 4662 1184 4702 ea
1211 4644 1390 4724 litigabant,
1415 4648 1500 4708 vide·

239 4745 313 4807 licet
339 4745 463 4808 Blasius
480 4746 641 4808 Zteniczki
661 4762 692 4810 et
714 4747 868 4810 dominus
886 4747 1045 4830 Georgius
1061 4749 1219 4833 plebanus
1243 4753 1341 4814 sancti
1360 4753 1499 4817 Martini.
