3488 5272
240 295 303 375 482
634 300 722 358 Anno
746 311 836 376 1479.
855 333 896 342 -
919 295 951 358 8.
966 300 1117 375 januarii.

241 509 336 590 judex
361 510 457 570 debet
481 511 584 590 jurare
609 529 771 591 supereo,
796 510 883 590 quod
913 525 959 572 est
982 510 1041 571 sibi
1060 529 1167 571 secum
1194 513 1391 594 composicio
1416 512 1506 594 quod

240 617 299 678 sibi
325 617 419 677 debet
443 616 621 678 conducere
646 616 691 677 sal
722 616 770 676 vel
792 635 912 697 ponere
940 617 1110 698 pecuniam
1134 615 1175 678 de
1201 614 1392 700 kriczky(?).

347 723 425 783 Item
451 722 613 784 lohannes
638 721 837 783 Soldinaricz
870 741 934 783 non
968 723 1148 805 comparuit
1181 723 1284 805 primo
1310 725 1349 785 ad
1374 724 1505 786 citacio·

241 848 314 890 nem
340 829 448 891 relicte
475 830 587 891 Kusse.

348 936 423 997 ltem
447 956 573 997 causam
600 936 681 997 inter
707 935 842 996 Paulum
869 936 1059 996 modernum
1093 936 1231 1016 judicem
1266 950 1296 997 et
1320 936 1507 1019 Philippum

242 1044 357 1125 Dudey
382 1043 510 1103 racione
529 1042 694 1103 cuiusdam
720 1041 804 1101 bladi
831 1061 887 1123 per
904 1041 1024 1120 juratos
1041 1042 1256 1122 adjudicatam
1282 1044 1366 1103 idem
1387 1043 1507 1105 Paulus

241 1148 336 1229 judex
362 1149 402 1210 de
427 1148 548 1228 judicio
566 1147 743 1224 juratorum
769 1167 833 1207 non
851 1161 1021 1209 contentus
1038 1149 1138 1230 ipsam
1156 1168 1283 1209 causant
1307 1148 1346 1209 ad
1363 1149 1508 1210 seniores

240 1254 362 1334 judices
386 1255 569 1336 appellavit.

386 1490 482 1563 Feria
511 1499 608 1562 sexta
637 1494 790 1579 proxima
818 1501 894 1580 post
924 1491 1184 1580 Epiphaniarum
1213 1492 1352 1563 Domini.

646 1641 694 1721 (8.
711 1647 862 1720 januarii,
884 1664 953 1706 ann.
980 1645 1089 1722 1479).

349 1785 423 1845 ltem
449 1803 576 1845 causam
603 1784 684 1845 inter
717 1785 858 1845 relictam
894 1784 1102 1847 Scrobothicz
1135 1791 1167 1848 el
1195 1785 1335 1847 Blasium
1362 1801 1505 1849 sutorem

241 1891 369 1951 racione
387 1890 602 1971 quorumdam
629 1892 748 1951 bovum
765 1890 858 1970 jurati
876 1889 1152 1970 adjudicaverunt,
1169 1893 1257 1973 quod
1276 1892 1361 1953 idem
1380 1893 1507 1955 Blasius

241 1997 337 2058 debet
360 1995 462 2074 iurare
487 1995 663 2057 solusmeth
689 2015 784 2076 super
803 2016 854 2073 eo,
879 1997 967 2077 quod
993 2017 1088 2078 supet
1106 1998 1255 2079 quitquid
1280 2013 1385 2080 potest
1401 1999 1506 2079 jurare

241 2105 290 2164 vel
317 2103 412 2163 debet
429 2103 515 2183 quod
542 2103 718 2183 dampnum
737 2122 847 2184 passus
872 2117 917 2163 est
937 2123 992 2184 per
1011 2101 1213 2166 Clementem
1238 2119 1392 2183 sutorem,
1411 2105 1507 2168 habet

242 2209 393 2269 Clemens
418 2223 505 2268 sutor
529 2208 587 2269 sibi
606 2209 748 2282 solvere3
774 2208 841 2289 ipsa
867 2229 942 2269 vero
961 2209 1068 2270 relicta
1100 2209 1308 2271 Scrobothicz
1333 2225 1379 2271 est
1404 2211 1506 2274 libera

241 2316 280 2374 ab
306 2315 374 2394 ipso
400 2315 506 2375 Blasio
533 2329 649 2375 sutore.

347 2421 423 2482 ltem
449 2422 669 2482 testimonium
697 2422 832 2482 Dionisii
859 2423 988 2482 sartoris
1019 2437 1128 2483 contra
1155 2421 1285 2483 Gallum
1312 2423 1505 2486 modernum

242 2527 397 2605 juratum:
432 2527 506 2585 item
537 2527 658 2607 primus
690 2527 778 2586 testis
810 2527 1005 2587 Thomasicz
1038 2527 1182 2589 Andreas
1206 2528 1343 2589 condam
1379 2528 1504 2590 domini

243 2632 415 2705 lobannis;
442 2633 515 2691 item
532 2632 712 2712 Stephanus
734 2632 962 2714 Horuoyeuicz
987 2654 1021 2694 ac
1040 2633 1221 2694 Demetrius
1239 2633 1378 2712 Suiczlri,
1396 2634 1504 2714 jurati,

243 2737 313 2797 lassi
341 2752 413 2797 sunt
451 2757 488 2797 eo
514 2738 623 2813 m0d0,
656 2738 744 2816 quod
770 2738 849 2799 illud
883 2739 959 2818 quid
993 2753 1101 2799 contra
1135 2739 1308 2819 quamdam
1334 2741 1504 2802 mulierem

242 2844 324 2903 idem
353 2843 465 2902 Gallus
490 2843 608 2921 juratus
633 2845 711 2903 dixit
742 2844 829 2924 quod
855 2859 900 2904 est
933 2865 1004 2904 vera
1040 2846 1138 2925 ipsius
1176 2844 1306 2906 furattix
1334 2860 1363 2906 et
1388 2866 1505 2909 omnes

241 2949 436 3009 concordant
461 2970 492 3009 se
519 2950 548 3008 in
574 2950 770 3010 testimonio,

348 3055 423 3113 ltem
449 3056 668 3114 testimonium
697 3055 781 3115 Galli
808 3056 953 3116 moderni
983 3057 1093 3135 jurati:
1121 3058 1277 3118 Martinus
1303 3058 1429 3139 Banycz
1455 3059 1503 3138 ju·

241 3176 325 3219 ratus
352 3159 449 3219 lassus
475 3176 520 3220 est
545 3182 582 3220 eo
610 3162 718 3237 modo,
744 3163 830 3240 quod
868 3165 933 3243 ipse
961 3163 1073 3223 Gallus
1098 3164 1218 3241 juratus
1244 3165 1404 3244 petivisset
1429 3187 1503 3227 eum

242 3280 274 3325 ut
300 3287 396 3346 penes
422 3288 493 3325 cum
521 3268 637 3341 juraret
663 3269 692 3327 in
720 3270 851 3329 ecclesia
878 3271 974 3329 sancti
997 3271 1091 3330 Marci
1119 3286 1247 3351 propter
1271 3273 1444 3352 quamdam
1472 3274 1502 3333 in

242 3373 339 3451 vulgo
365 3374 539 3453 plalrtliam,
564 3390 639 3434 tunc
666 3375 749 3433 idem
770 3376 935 3435 Simonem
963 3378 1140 3437 introiisset
1162 3378 1200 3437 ad
1219 3379 1384 3438 ecclesiam
1403 3381 1502 3440 sancti

244 3480 339 3538 lllarci
367 3500 437 3537 cnm
466 3480 654 3559 l'ongraci0‚
682 3480 815 3539 lilatbias
835 3482 1009 3562 Simunich
1036 3483 1129 3559 judex
1145 3483 1222 3542 dixit
1248 3485 1307 3544 sibi
1334 3484 1430 3545 Gallo
1449 3486 1503 3562 ita,

241 3585 327 3665 quod
354 3599 386 3644 tu
406 3584 501 3644 habes
519 3586 621 3663 jurare
646 3605 740 3665 super
760 3587 812 3645 illa
835 3588 942 3646 omnia
963 3608 1024 3666 que
1044 3588 1140 3648 habes
1158 3590 1333 3671 dampnum
1353 3591 1383 3649 in
1402 3590 1502 3651 domo

240 3706 305 3768 tua,
331 3691 552 3767 interrogasset
587 3692 670 3751 idem
707 3692 900 3771 l'ongracius
937 3694 1039 3773 ipsum
1076 3695 1227 3754 Mathiam
1263 3696 1451 3778 Simunych,
1476 3697 1500 3756 si

241 3819 298 3857 nos
323 3797 539 3876 conjuratores
565 3800 666 3876 jurare
693 3799 793 3860 lacere
827 3801 931 3877 vultis,
965 3802 1181 3881 respondisset
1206 3802 1263 3861 sibi
1292 3802 1427 3862 Mathias
1453 3802 1501 3862 Si·

242 3907 392 3985 mosyen,
417 3905 440 3965 si
460 3907 568 3964 essetis
586 3907 696 3984 viginti
724 3909 848 3966 nullum
868 3908 990 3967 mittam
1018 3929 1052 3966 ex
1069 3909 1169 3983 vobis,
1195 3922 1224 3968 ct
1244 3908 1354 3968 Simon
1375 3909 1502 3989 Banycz

240 4011 317 4070 dixit
342 4032 401 4088 ego
427 4011 502 4071 nolo
529 4011 629 4088 jurare
655 4014 729 4090 quia
756 4033 812 4072 nec
847 4012 890 4072 lui
917 4015 946 4072 in
974 4014 1093 4091 judicio
1127 4034 1184 4073 nec
1210 4015 1274 4074 scio
1301 4015 1401 4096 ipsam
1428 4034 1500 4074 cau·

239 4136 316 4188 sam,
342 4131 371 4175 et
396 4118 438 4176 sic
466 4117 659 4198 Pongracius
684 4120 764 4178 circa
791 4139 943 4197 magnum
975 4121 1072 4179 altare
1099 4121 1225 4180 recessit
1250 4134 1280 4180 et
1305 4121 1390 4182 unde
1416 4136 1500 4182 extra

240 4221 404 4280 ecclesiam
432 4222 528 4283 exivit
552 4238 582 4284 et
606 4223 752 4283 similiter
772 4225 927 4283 Martinus
946 4226 1075 4306 Banych
1094 4227 1131 4285 de
1150 4227 1281 4286 ecclesia
1308 4228 1414 4305 exivit,
1434 4229 1500 4310 ipse

240 4346 314 4385 vero
341 4325 454 4385 Gallus
480 4327 599 4401 iuratus
624 4329 755 4390 minime
786 4330 1000 4406 juramentum
1026 4352 1118 4390 suum
1146 4333 1311 4413 deposuit;
1339 4334 1501 4394 Dionisius
1532 4324 1534 4331 ¹

239 4452 314 4491 vero
340 4433 417 4492 alias
443 4433 562 4511 juratus
587 4455 683 4515 penes
717 4437 813 4497 altare
840 4438 869 4495 in
906 4456 982 4516 pace
1015 4439 1101 4497 stetit
1134 4439 1330 4519 expectando
1355 4454 1389 4500 ut
1415 4441 1498 4500 idem

239 4537 353 4598 Gallus
379 4538 592 4615 juramentum
618 4561 710 4601 suum
745 4544 931 4624 deponeret,
958 4543 1011 4622 qui
1038 4544 1169 4605 minime
1195 4546 1353 4626 deposuit.

344 4643 421 4705 ltem
447 4666 575 4707 causam
602 4649 682 4708 inter
713 4647 842 4709 Gallum
877 4648 1067 4708 modernum
1101 4649 1238 4725 juratum
1262 4665 1292 4712 et
1318 4653 1497 4712 Dionisium

237 4765 391 4811 sartorem
417 4752 543 4812 racione
569 4753 734 4813 cuiusdam
766 4753 983 4830 iuramentalis
1017 4754 1232 4835 deposicionis
1255 4756 1347 4837 jurati
1374 4758 1499 4838 adjudi-
