3488 5272
660 361 863 442 Ann01469.
890 399 929 408 -
951 385 986 445 9.
1001 366 1095 442 jumi.
1446 385 1506 447 355

244 592 300 633 sua
327 574 408 635 inter
432 574 566 636 domurn
593 575 797 657 Stephanych
822 574 915 655 jurati
941 590 971 637 et
996 577 1077 638 inter
1110 576 1242 639 domum
1268 577 1434 640 Benedicti
1460 578 1508 659 ju·

245 679 324 740 dicis
349 683 448 742 nostri
467 683 616 743 moderni
634 683 774 744 habitam
801 698 831 744 ct
848 685 1047 760 existentem,
1071 703 1134 765 que
1152 685 1319 745 casualiter
1336 686 1375 746 ab
1392 684 1507 747 eodem

245 786 350 848 existit
373 787 540 869 deperdita
565 802 596 848 er
620 789 735 850 nullibi
762 790 897 850 inveniri
923 801 953 850 ct
977 790 1109 870 reperiri
1135 791 1239 871 potuit
1263 791 1301 850 ad
1327 791 1443 852 trinam
1461 789 1507 852 io-

245 911 369 953 rensem
395 893 687 976 proclamacionem
714 914 769 976 per
794 914 948 976 precones
977 910 1102 957 nostros
1127 895 1192 956 heri
1219 896 1434 975 commissam,
1457 897 1507 958 cui

245 998 285 1059 de
310 1017 395 1059 novo
429 999 519 1061 litera
551 1015 658 1061 nostra
690 1015 721 1062 et
751 1001 834 1062 dicte
867 1002 1002 1062 civitatis
1034 1001 1101 1062 dari
1134 1016 1180 1063 est
1212 1003 1381 1064 commissa
1413 1022 1509 1084 super

244 1103 358 1165 eadem
384 1105 494 1168 domo.

352 1210 429 1272 ltem
462 1212 537 1292 quia
570 1212 716 1273 Thomas
748 1211 886 1294 frenipar
912 1213 1086 1294 Selesnyalr
1119 1212 1232 1289 dictus,
1265 1214 1370 1294 primo
1395 1214 1508 1276 citatus

244 1331 353 1377 contra
380 1317 570 1378 Michaelem
596 1318 767 1399 pellificem
793 1318 1003 1401 Naspychych
1023 1318 1154 1394 dictum,
1172 1319 1331 1380 seniorem
1357 1320 1508 1399 juratum,

244 1423 371 1483 racione
397 1422 547 1485 fossionis
566 1425 685 1485 canalis
706 1444 804 1506 penes
821 1424 955 1486 domum
981 1425 1125 1486 eiusdem
1144 1424 1320 1503 Michaelis,
1338 1446 1402 1487 non
1420 1445 1507 1487 com·

244 1531 348 1610 paruit
373 1532 404 1590 in
430 1530 551 1610 judicio
576 1550 683 1591 coram
709 1531 811 1592 nobis.

350 1637 427 1697 Item
454 1638 556 1698 lucas
579 1652 679 1713 sutor,
704 1637 878 1698 modernus
895 1637 1026 1715 juratus,
1051 1652 1160 1699 contra
1186 1639 1304 1698 Rosam
1330 1639 1506 1721 Herwoye·

245 1741 378 1823 wychna
399 1744 592 1804 secundario
629 1743 743 1804 citatus
767 1762 830 1803 non
865 1745 1045 1825 comparuit
1070 1745 1100 1804 in
1125 1743 1245 1826 judicio
1270 1763 1376 1805 coram
1403 1746 1506 1806 nobis.

350 1848 426 1909 ltem
452 1849 544 1927 iurati
571 1851 600 1910 in
628 1848 711 1910 facto
736 1850 911 1910 solucionis
932 1850 1084 1910 tredecim
1103 1850 1171 1911 llor.
1197 1851 1264 1913 auci
1290 1870 1346 1931 per
1371 1850 1505 1912 Paulum

243 1953 439 2016 aurifabrum
475 1955 640 2036 Stephano
672 1954 811 2016 carnifici
844 1956 953 2038 Zayko
989 1956 1087 2034 dicto,
1119 1957 1247 2017 racione
1280 1956 1386 2017 fertilis
1418 1957 1505 2037 quod

243 2077 448 2138 convenerat,
465 2062 701 2140 adjudicarunt,
726 2062 813 2142 quod
833 2063 898 2143 ipse
918 2062 1035 2123 Paulus
1053 2061 1155 2141 jurare
1173 2063 1333 2123 tenebitur
1351 2063 1507 2126 solusmet

244 2165 320 2228 feria
347 2169 442 2229 tercia
468 2170 613 2250 proxima
637 2183 707 2249 post
730 2165 846 2229 festum
880 2170 1034 2249 Corporis
1063 2168 1193 2245 Christi,
1218 2170 1304 2251 quod
1330 2171 1395 2251 ipse
1421 2171 1507 2253 ipsos

242 2273 396 2334 tredecim
422 2273 491 2335 flor.
516 2275 583 2335 auri
602 2274 699 2335 solvit
724 2274 850 2335 realiter
874 2274 932 2355 ipsi
952 2275 1106 2356 Zaylroni,
1131 2290 1161 2336 et
1185 2276 1261 2336 dum
1287 2275 1414 2354 jurabit,
1430 2290 1506 2338 tunc

242 2379 336 2459 judex
362 2381 522 2441 tenebitur
547 2381 651 2441 eidem
678 2380 779 2440 Paulo
813 2380 946 2442 reddere
980 2380 1053 2440 illos
1077 2382 1220 2462 quinque
1253 2380 1321 2444 flor.
1347 2402 1429 2462 quos
1453 2384 1505 2444 Jo-

243 2486 363 2546 hannes
389 2485 519 2564 Bolsalt,
544 2486 717 2568 Dyonisius
743 2484 911 2568 Sypchych
937 2487 1037 2547 etalii
1065 2487 1206 2568 ipsorum
1225 2489 1364 2549 consocii
1390 2502 1504 2551 aresta·

243 2606 362 2668 verant,
388 2593 508 2674 etipse
535 2592 696 2653 lohannes
730 2593 845 2653 Bolsalt
878 2612 950 2653 cum
983 2594 1078 2654 sociis
1101 2594 1167 2654 suis
1198 2594 1336 2676 dampna
1362 2595 1504 2676 ipsorum

241 2718 336 2780 super
361 2701 464 2779 ipsum
491 2700 675 2781 Zayltonem
702 2700 852 2780 prosequi
877 2701 1081 2761 tenebuntur.

348 2805 424 2865 ltem
458 2824 585 2865 causam
619 2806 699 2866 inter
731 2806 844 2866 Berlelc
876 2805 1032 2888 Chayltyn
1066 2821 1096 2867 et
1133 2808 1213 2867 inter
1250 2807 1369 2867 leucam
1401 2807 1503 2870 filium

243 2909 388 2991 Dyonisii
415 2912 499 2972 ribar
531 2911 658 2972 racione
692 2911 889 2992 recepcionis
921 2912 1023 2971 noctis
1048 2913 1078 2972 in
1111 2913 1244 2973 silencio
1268 2914 1502 2976 subtractorum

241 3017 379 3078 duorum
406 3037 568 3095 vasorum,
593 3018 697 3078 taliter
714 3017 806 3096 jurati
832 3016 1066 3099 adjudicarunt,
1087 3019 1175 3099 quod
1201 3021 1266 3100 ipse
1293 3019 1405 3081 Berlek
1431 3040 1503 3082 cum

240 3124 320 3184 scitu
346 3124 444 3204 ipsius
470 3125 554 3185 Luce
580 3139 724 3206 receptos
748 3125 887 3201 dicebat,
912 3125 978 3205 ipse
1009 3126 1110 3185 Lucas
1135 3127 1212 3187 feria
1237 3127 1333 3186 tercia
1358 3128 1503 3208 proxime

241 3245 373 3291 ventura
397 3229 500 3309 jurare
525 3232 686 3291 tenebitur
711 3231 742 3290 in
775 3250 827 3291 ara
852 3244 958 3291 sancte
984 3230 1108 3309 Crucis,
1140 3233 1228 3312 quod
1254 3253 1319 3293 non
1346 3253 1418 3294 cum
1444 3254 1503 3295 suo

240 3336 318 3396 scitu
344 3350 373 3396 et
399 3336 591 3397 induccione
616 3356 672 3397 sua
697 3335 826 3398 suerunt
850 3351 976 3418 recepta
1001 3337 1067 3417 ipsa
1092 3338 1157 3398 duo
1183 3358 1266 3400 vasa.

295 3571 387 3644 leria
418 3582 515 3643 sexta
543 3573 693 3661 proxima
723 3583 800 3645 ante
828 3573 949 3645 festum
979 3573 1068 3644 beati
1097 3572 1250 3643 Barnabe
1277 3576 1433 3662 apostoli.

785 3724 831 3803 (9.
848 3727 957 3800 Jimir).

348 3866 423 3927 ltem
449 3869 530 3927 trina
556 3867 623 3927 vice
649 3882 694 3927 est
726 3867 958 3948 proclamatum
990 3887 1047 3948 per
1079 3887 1233 3947 precones
1265 3882 1389 3928 nostros
1414 3888 1501 3929 com·

240 3992 364 4049 munes,
390 3974 517 4034 racione
543 3973 707 4033 cuiusdam
733 3987 813 4033 terre
838 3974 968 4033 arabilis
990 3973 1020 4032 in
1039 3975 1199 4033 territorio
1224 3987 1254 4034 et
1278 3992 1393 4054 campo
1418 3975 1501 4034 dicte

240 4079 374 4140 civitatis
399 4080 534 4140 condam
563 4079 657 4139 Blasii
684 4079 820 4161 Frawyn
851 4079 938 4155 dicti,
959 4079 1095 4139 condam
1122 4079 1280 4159 Gregorio
1307 4079 1499 4162 lludosthyh

240 4184 487 4265 inpignoratam,
513 4199 543 4246 et
569 4186 697 4245 tandem
723 4206 778 4266 per
803 4187 907 4266 ipsum
930 4184 1122 4265 Gregorium
1151 4185 1350 4267 Hirdosthyh
1378 4187 1501 4248 Briccio

239 4289 335 4366 judici
361 4290 446 4352 fratri
473 4312 532 4351 sno
557 4293 820 4352 testamentalitcr
846 4293 994 4371 legatam,
1020 4306 1049 4350 er
1074 4293 1187 4352 iterum
1213 4311 1268 4372 per
1293 4291 1396 4372 ipsum
1416 4293 1500 4354 Bric-

238 4396 322 4458 cium
355 4398 492 4476 judicem
527 4399 663 4458 condam
697 4397 826 4457 domine
862 4397 1062 4477 Margarethe
1095 4398 1185 4457 matri
1221 4397 1278 4456 viri
1311 4397 1436 4478 providi
1469 4413 1500 4461 et

239 4503 459 4585 circumspecti
475 4503 630 4565 iohannis
648 4504 822 4585 Peronu’ch
841 4504 1103 4564 testamentalitcr
1120 4503 1282 4564 dimissam
1298 4518 1328 4564 et
1345 4504 1376 4564 in
1395 4504 1498 4585 ipsum

240 4607 413 4690 Perowych
448 4624 519 4690 post
552 4623 688 4670 mortem
724 4611 822 4691 ipsius
850 4611 981 4671 dominc
1015 4610 1213 4689 Margarethe
1247 4610 1444 4688 devolutam,
1469 4625 1500 4673 et

238 4715 313 4797 quia
331 4715 355 4774 si
369 4714 487 4796 aliquis
499 4730 626 4777 essetex
645 4712 793 4777 iratribus
810 4730 840 4777 et
854 4716 1101 4796 consanguineis
1118 4715 1216 4797 ipsius
1235 4716 1330 4777 Blasii
1351 4716 1498 4799 Frawyn,

237 4838 321 4903 quos
345 4821 412 4903 ipsa
436 4835 518 4883 terra
542 4822 582 4882 ad
606 4822 831 4884 redimendum
863 4835 1071 4903 competeret,
1102 4841 1161 4904 pro
1185 4822 1239 4883 iila
1264 4822 1418 4905 peccunia
1440 4842 1500 4906 pro

1374 4924 1408 4967 ι
