3488 5272
236 311 300 389 480
613 313 699 370 Anno
721 308 815 390 1478.
840 346 880 355 -
899 325 933 388 5.
962 311 1124 374 decembris.

239 544 326 604 suus,
351 524 609 586 verberacionem
629 539 735 585 autern
758 524 846 584 solus
870 542 935 584 non
953 525 1081 604 negavit
1105 539 1134 584 et
1158 525 1246 605 quod
1272 525 1406 588 eandem
1425 544 1499 586 cum

239 631 338 712 ipsius
362 631 506 691 mulieris
538 631 741 711 manutergio
772 631 912 711 ligasset,
941 642 972 692 et
1002 631 1046 690 sic
1070 630 1207 691 candem
1238 630 1307 693 dire
1331 645 1362 693 et
1387 632 1501 693 acriter

237 740 443 816 verberasset,
467 737 559 817 jurati
578 736 853 813 adjudicaverunt,
879 735 966 817 quod
985 736 1051 818 ipsa
1070 736 1186 798 mulier
1211 737 1378 800 Elisabeth
1404 737 1501 799 debet

237 841 340 922 jurare
375 843 406 903 in
439 863 491 903 ara
523 856 630 903 sancte
663 840 775 904 Crucis
808 843 839 903 in
872 842 1004 904 ecclesia
1037 842 1136 904 sancti
1172 843 1269 904 Marci
1302 841 1379 905 lesia
1410 857 1499 905 sexta

239 950 383 1030 sequenti
410 968 578 1031 supereo,
603 948 690 1029 quod
717 948 783 1029 ipse
808 962 854 1009 est
888 967 982 1009 verus
1011 948 1110 1031 predo
1135 949 1235 1031 ipsius
1256 964 1287 1011 et
1311 948 1398 1032 quod
1428 949 1496 1031 ipse

240 1054 398 1136 Georgius
424 1055 602 1136 Drompycz
626 1054 798 1136 predaliter
818 1055 937 1137 recepit
962 1054 1048 1135 ipsos
1077 1053 1159 1115 duos
1183 1053 1264 1132 flor,
1289 1069 1319 1116 et
1343 1074 1381 1116 ex
1404 1073 1497 1116 occa·

238 1162 328 1222 sione
355 1161 496 1221 eiusdem
525 1160 656 1241 Georgii
682 1163 722 1221 ab
747 1160 858 1221 eadem
892 1176 965 1221 sunt
990 1161 1115 1242 perditi,
1149 1161 1215 1242 ipsa
1239 1160 1357 1242 pariter
1380 1179 1439 1242 pro
1463 1180 1496 1221 se

238 1265 458 1328 fideiussorem
483 1281 591 1346 ponat,
615 1266 726 1326 sinon
752 1266 903 1347 posuerit,
936 1266 1002 1348 ipsa
1033 1266 1148 1327 mulier
1180 1265 1219 1327 ad
1245 1266 1409 1327 vinculum
1439 1285 1498 1348 po·

237 1387 347 1448 natur3
373 1387 402 1434 et
426 1386 596 1454 postquam
623 1372 689 1453 ipsa
714 1372 830 1433 mulier
855 1372 1022 1434 Elizabeth
1039 1371 1255 1451 juramentum
1279 1391 1373 1433 suurn
1399 1372 1498 1455 depo·

236 1479 334 1539 suerit
359 1479 526 1559 legittime,
551 1478 636 1538 idem
663 1476 823 1558 Georgius
847 1477 1027 1561 Drempycz
1044 1497 1117 1539 cum
1142 1493 1211 1539 rota
1236 1478 1355 1538 destrui
1382 1477 1499 1540 debeat

237 1599 267 1645 et
291 1584 445 1665 torqueri.

342 1691 420 1752 ltem
446 1709 573 1750 causatu
599 1691 681 1751 inter
705 1689 895 1751 Michaelem
928 1709 1083 1770 generum
1109 1690 1245 1752 condam
1272 1690 1357 1752 Luce
1381 1690 1499 1752 sutoris

238 1812 268 1857 et
293 1796 463 1858 Nicolaum
483 1796 638 1856 Horwath
664 1796 791 1856 racione
810 1797 1057 1874 verberacionis,
1075 1796 1160 1858 idem
1178 1797 1331 1858 Nicolaus
1349 1796 1497 1859 Horuath

236 1923 268 1963 se
293 1904 332 1963 ad
358 1902 615 1982 jurisdiccionem
642 1902 777 1963 civitatis
801 1903 929 1984 recepit.

344 2026 420 2087 ltem
446 2046 573 2086 causam
599 2026 679 2087 inter
704 2024 835 2087 Gallum
853 2027 1044 2087 modernum
1071 2027 1207 2107 juratum
1233 2040 1264 2088 et
1288 2027 1496 2090 Valentinum

239 2148 378 2195 sutorem
406 2153 461 2214 per
487 2132 606 2212 juratos
638 2132 864 2210 adjudicatam,
896 2133 981 2193 idem
1015 2132 1128 2195 Gallus
1159 2133 1280 2214 juratus
1304 2133 1344 2196 de
1376 2133 1497 2213 judicio

237 2240 413 2320 juratorum
439 2259 504 2300 non
529 2252 698 2300 contentus
723 2240 823 2320 ipsam
848 2239 886 2300 ad
911 2240 1053 2300 seniores
1078 2239 1200 2319 judices
1224 2239 1408 2322 appellavit.

343 2364 419 2424 ltem
445 2363 590 2440 Mathias,
617 2363 764 2440 Michael,
786 2363 931 2424 Thomas
955 2362 1117 2424 carnifices
1133 2363 1318 2444 juraverunt
1341 2379 1372 2426 et
1396 2364 1496 2448 depo·

236 2484 367 2530 suerunt
391 2469 567 2530 secundum
592 2469 868 2547 adjudicacionem
886 2469 1074 2550 juratorum,
1099 2471 1186 2550 quod
1205 2471 1263 2553 ipsi
1289 2471 1425 2532 scienter
1449 2471 1496 2532 in·

236 2575 345 2637 firmos
370 2577 468 2637 boves
499 2589 529 2636 et
560 2595 670 2636 vaccas
694 2595 759 2635 non
792 2588 1020 2653 mactaverunt,
1049 2576 1080 2636 in
1114 2575 1215 2637 forma
1248 2590 1344 2658 prout
1375 2577 1496 2639 eisdem

237 2681 437 2743 carnificibus
461 2680 521 2741 fuit
544 2681 735 2761 adjudicata.

343 2804 419 2866 ltem
453 2805 635 2866 Anthonius
668 2807 771 2866 Misko
805 2807 835 2866 in
868 2806 988 2886 judicio
1020 2826 1083 2867 non
1117 2809 1296 2889 comparuit
1319 2809 1425 2890 primo
1456 2809 1496 2870 ad

237 2913 426 2973 citacionem
453 2913 606 2973 Demetrii
632 2914 761 2974 sartoris
785 2913 862 2973 alias
886 2912 990 2992 jurati.

325 3169 470 3239 Sabbato
500 3168 649 3256 proximo
678 3168 709 3238 in
739 3171 887 3258 profesto
917 3169 1005 3240 beati
1037 3170 1163 3241 Nicolai
1194 3170 1407 3242 confessoris.

741 3323 785 3397 (5.
809 3322 985 3400 decembris).

342 3464 419 3525 ltem
445 3483 572 3524 causam
599 3464 679 3524 inter
704 3462 835 3524 Gallum
855 3463 1045 3523 modernum
1072 3462 1208 3542 juratum
1235 3477 1265 3524 et
1290 3462 1496 3524 Valentinum

237 3584 376 3631 sutorem
402 3590 458 3650 per
482 3570 600 3647 juratos
617 3569 831 3649 adjudicatam
857 3585 886 3629 et
912 3589 966 3650 ρετ
990 3569 1128 3629 eundem
1148 3569 1277 3630 Gallum
1304 3569 1496 3630 modernum

238 3677 374 3755 juratum
400 3676 438 3736 de
456 3675 576 3753 judicio
603 3676 777 3754 juratorum
803 3695 867 3735 non
886 3690 1071 3735 contentum
1090 3690 1120 3735 et
1144 3675 1182 3734 ad
1208 3676 1350 3736 seniores
1375 3674 1496 3754 judices

239 3783 442 3863 appellatam,
468 3782 742 3861 senioresjudices
767 3781 1040 3859 adjudicaverunt,
1058 3782 1130 3842 licet
1155 3781 1243 3861 quod
1269 3781 1354 3841 idem
1381 3779 1495 3841 Gallus

238 3888 358 3967 juratus
383 3888 435 3950 ubi
461 3888 548 3970 prius
573 3889 603 3948 in
631 3889 794 3949 Kralewcz
819 3890 1002 3949 morabatur
1035 3888 1160 3947 cuidam
1187 3887 1313 3947 mulieri
1337 3886 1496 3947 auriculas

238 3995 422 4056 abscidisset
448 3994 669 4075 proquodam
704 3995 845 4076 dampno
878 3996 937 4055 sibi
967 4016 1022 4075 per
1046 3994 1179 4055 eandem
1211 3993 1326 4055 furtive
1351 3994 1441 4056 illato
1466 4007 1497 4054 et

239 4121 294 4182 ρετ
319 4101 439 4180 judices
464 4103 550 4163 illius
574 4101 737 4183 provincie
767 4100 899 4178 juridice
932 4101 1126 4179 adjudicato,
1159 4120 1221 4180 qua
1247 4100 1286 4159 de
1311 4120 1403 4161 causa
1430 4100 1496 4181 ipse

238 4207 428 4268 Valentinus
453 4224 541 4269 sutor
565 4209 702 4269 eundem
730 4207 859 4269 Gallum
894 4224 1045 4269 tortorem
1079 4208 1305 4290 appellaverat,
1338 4208 1412 4288 quia
1439 4226 1498 4269 nos

239 4314 380 4374 seniores
405 4313 525 4392 judices
550 4315 593 4373 sic
619 4314 799 4374 invenimus
824 4328 854 4374 et
878 4313 1144 4390 adjudicavimus,
1169 4314 1256 4394 quod
1283 4333 1347 4374 non
1381 4313 1496 4374 merito

239 4419 304 4501 ipse
329 4420 439 4481 debuit
463 4420 616 4501 appellari
643 4440 700 4481 nec
725 4420 820 4480 debet
837 4419 991 4500 appellari
1015 4434 1125 4497 tortor,
1150 4421 1224 4500 quia
1250 4440 1312 4480 non
1340 4417 1413 4480 fecit
1437 4438 1495 4501 pro

239 4526 345 4605 aliqua
370 4526 534 4586 solucione
560 4526 610 4586 vel
637 4525 743 4607 precio
776 4525 834 4586 nisi
860 4544 917 4606 ρτο
943 4525 1072 4606 ρτορτίο
1105 4526 1247 4606 dampno
1272 4525 1331 4585 sibi
1357 4524 1441 4586 lacto
1467 4538 1497 4586 et

239 4652 294 4713 per
318 4632 582 4693 consvetudincm
609 4632 694 4692 illius
716 4633 881 4713 provincie
915 4631 965 4691 vel
991 4630 1076 4691 illius
1106 4631 1302 4706 secundum;
1329 4651 1405 4713 ergo
1430 4632 1496 4713 ipse

241 4740 372 4800 ulterius
396 4758 460 4800 non
486 4751 532 4800 est
556 4738 772 4800 nominandus
796 4752 907 4800 tortor.
