3488 5272
274 336 313 416 36
675 333 762 390 Anno
789 344 879 409 1452.
904 364 947 374 -
971 327 1021 389 16.
1038 329 1130 406 junii.

272 440 530 447 —--—.-——
564 439 691 445 .-—.-
801 438 854 443 .-.
926 437 930 441 .
947 436 987 443 .—.
1023 436 1202 441 -.-.—.
1228 430 1536 439 --v—-u-——

272 558 419 622 stentem,
437 563 509 605 cum
527 544 593 604 suis
609 542 801 604 utilitatibus
818 555 849 603 et
867 541 1072 623 pertinenciis
1089 539 1246 600 universis
1263 538 1407 620 predicto
1426 536 1535 598 Marco

272 648 341 712 filio
359 650 458 733 ipsius
476 628 565 711 Pauli
585 648 677 730 jurati
697 649 866 710 statuimus
883 660 1038 730 perpetuo
1055 645 1283 728 possidendam
1309 658 1339 705 et
1354 642 1536 726 quomodo·

272 776 412 839 cumque
437 756 576 819 voluerit
599 754 834 837 disponendam
855 754 941 836 juxta
959 752 1185 815 condicionem
1209 751 1346 814 civitatis
1368 761 1535 832 prenotate

272 866 312 926 ab
336 864 470 945 antiquo
494 865 716 945 approbatam.

290 1083 388 1157 Feria
416 1093 513 1155 sexta
543 1085 698 1172 proxima
727 1091 803 1171 post
831 1081 954 1153 festum
982 1091 1177 1152 sanctorum
1206 1079 1287 1163 Viti,
1315 1079 1457 1149 Modesti
1485 1086 1519 1148 et

695 1204 885 1277 Crescencie
914 1213 1114 1291 martyrum.

805 1355 867 1435 (16.
884 1360 992 1435 J'unii).

380 1498 456 1560 Item
491 1498 674 1560 Anthonius
706 1497 793 1560 faber
825 1513 937 1561 contra
971 1499 1183 1561 Benedictum
1220 1497 1397 1558 institorem
1431 1497 1536 1578 primo

272 1606 385 1668 citatus
410 1624 474 1666 non
500 1606 690 1688 comparuit.

379 1711 455 1772 ltem
473 1712 549 1792 quia
566 1712 614 1772 vir
636 1712 789 1794 providus
806 1725 836 1772 et
854 1710 1005 1772 honestus
1020 1711 1175 1772 Martinus
1193 1710 1288 1792 judex
1306 1709 1390 1772 filius
1406 1710 1535 1772 Thome

271 1832 303 1880 et
327 1816 488 1899 Georgius
512 1816 601 1879 faber
632 1837 731 1898 gener
763 1818 900 1881 condam
935 1817 1123 1900 Supanycze
1149 1817 1180 1878 id
1205 1838 1277 1878 cum
1310 1816 1480 1878 sufficienti
1505 1832 1537 1879 et

271 1923 435 2004 fidedigno
460 1938 642 1985 nostrorum
668 1924 849 1986 concivium
867 1924 1053 1986 testimonio
1079 1925 1109 1984 in
1135 1926 1210 1985 sede
1236 1937 1342 1984 nostra
1368 1923 1535 2004 judiciaria

271 2049 379 2091 coram
406 2030 498 2091 nobis
515 2030 546 2090 in
571 2029 692 2111 judicio
710 2031 792 2092 clare
811 2032 1072 2112 comprobarunt,
1094 2043 1128 2090 ut
1152 2030 1229 2091 dum
1247 2030 1379 2112 provida
1397 2029 1535 2091 condam

272 2137 388 2198 mulier
420 2137 521 2198 Elena
552 2137 644 2197 aliter
680 2136 811 2219 Gurgya
843 2151 964 2215 vocata,
998 2137 1106 2199 relicta
1138 2137 1274 2197 condam
1305 2135 1434 2197 Thome
1459 2135 1534 2197 dicti

272 2243 419 2326 Konych,
444 2243 475 2303 in
501 2243 651 2304 extremis
675 2242 738 2304 vite
763 2263 817 2304 sue
849 2244 1035 2325 temporalis
1060 2243 1245 2313 laborasset,
1273 2257 1348 2304 tunc
1373 2243 1440 2324 ipsa
1465 2262 1534 2324 pre-

272 2349 374 2412 dictos
399 2349 572 2411 Martinum
598 2349 737 2430 judicem
771 2363 802 2410 et
826 2349 1003 2429 Georgium
1029 2348 1153 2411 fabrum
1179 2369 1273 2411 veros
1297 2362 1481 2410 executores
1505 2363 1536 2409 et

272 2456 508 2517 commissarios
531 2455 678 2516 omnium
704 2475 810 2517 rerum
835 2471 866 2516 et
889 2458 1049 2519 bonorum
1078 2476 1209 2517 suorum
1235 2475 1270 2517 ac
1295 2455 1533 2537 possessionum

273 2562 375 2623 eciam
393 2581 522 2624 suarum
541 2564 735 2623 verbotenus
755 2581 863 2623 coram
882 2562 990 2643 probis
1004 2578 1034 2624 et
1051 2562 1193 2625 honestis
1211 2562 1286 2623 viris
1303 2561 1535 2636 constituissct;

272 2668 410 2750 ideoque
436 2688 494 2729 nos
519 2668 640 2729 eisdem
660 2669 798 2730 Martino
823 2667 919 2747 judici
939 2683 969 2729 et
988 2667 1131 2748 Georgio
1156 2666 1246 2729 fabro
1271 2682 1435 2749 tamquam
1454 2667 1536 2728 veris

272 2787 302 2836 et
326 2774 416 2855 justis
441 2774 667 2836 commissariis
692 2789 721 2834 et
746 2776 970 2835 executoribus
999 2775 1155 2835 dictarum
1189 2794 1294 2835 rerum
1320 2787 1350 2834 et
1375 2776 1534 2835 bonorum

273 2881 372 2963 ipsius
389 2881 527 2943 condam
547 2881 646 2942 Elene
672 2881 815 2941 mulieris
832 2882 924 2942 aliter
942 2880 1073 2962 Gurgya
1097 2895 1208 2941 vocate
1234 2901 1271 2941 ac
1295 2881 1533 2962 possessionum

273 2987 372 3069 ipsius
396 2988 525 3070 plenam
551 2987 729 3068 exequendi
749 3001 779 3048 et
805 2987 996 3069 disponendi
1015 2987 1218 3048 attribuimus
1243 3001 1430 3068 potestatem
1450 2986 1534 3066 juxta

272 3095 532 3155 commissionem
558 3094 657 3175 ipsius
683 3093 783 3154 Elone
808 3094 962 3155 mulieris.

378 3200 453 3260 Item
480 3201 554 3281 quia
581 3201 709 3276 l’aulus,
735 3199 858 3277 Gallus,
884 3200 1073 3261 Valentinus
1098 3214 1128 3260 et
1153 3198 1292 3259 Michael
1317 3197 1373 3258 filii
1398 3198 1534 3259 condant

271 3306 353 3367 Petri
379 3307 453 3367 dicti
483 3307 638 3367 l'entltera
657 3307 745 3388 olym
772 3306 863 3383 jurati
890 3319 984 3386 atque
1005 3307 1146 3366 concivis
1171 3305 1281 3382 nostri,
1307 3304 1362 3364 filii
1389 3303 1485 3381 Galli,
1504 3304 1533 3364 id

270 3433 342 3474 curn
375 3426 565 3474 testamento
596 3413 713 3494 scripto
747 3412 845 3493 ipsius
878 3413 1014 3473 condam
1051 3411 1131 3471 Petri
1166 3410 1240 3471 dicti
1276 3409 1441 3487 Pentlrera,
1466 3425 1533 3469 tum

270 3519 371 3580 eciam
396 3538 468 3579 curn
494 3517 659 3599 iidediguo
685 3532 715 3579 et
740 3538 811 3579 cum
837 3517 1006 3579 sufficienti
1041 3517 1225 3578 testimonio
1251 3533 1433 3577 nostrornm
1460 3536 1534 3577 con-

270 3625 387 3687 civium
406 3640 436 3686 et
452 3626 590 3685 aliorum
617 3625 831 3707 plurimorum
857 3624 1092 3705 lidedignorum
1119 3625 1259 3684 virorum
1280 3624 1309 3682 in
1336 3622 1410 3682 sede
1428 3637 1534 3682 nostra

270 3732 434 3812 judiciaria
460 3732 543 3793 clare
569 3747 599 3792 et
623 3732 742 3792 seriose
768 3751 873 3792 coram
901 3731 994 3791 nobis
1018 3731 1280 3811 comprobarunt,
1305 3743 1338 3789 ut
1363 3729 1438 3788 dum
1466 3747 1535 3809 pre·

271 3836 352 3898 latus
377 3838 487 3899 Petrus
511 3837 613 3898 dictus
640 3838 794 3898 l’enthera
830 3839 860 3897 in
887 3837 1035 3898 extremis
1060 3838 1122 3897 vite
1155 3856 1210 3896 sue
1235 3835 1421 3916 temporalis
1446 3835 1534 3895 labo·

269 3958 376 4022 rasset,
400 3958 474 4005 tunc
499 3945 565 4025 ipse
591 3944 754 4004 universas
778 3964 850 4003 suas
875 3943 1090 4025 possessiones
1116 3957 1145 4002 et
1170 3942 1339 4023 porciones
1363 3941 1534 4022 possessio·

269 4052 374 4112 narias
397 4051 512 4131 quovis
538 4050 678 4110 nominis
704 4050 863 4111 vocabulo
889 4049 1043 4110 vocitatas
1062 4050 1092 4111 iu
1122 4049 1281 4110 territorio
1306 4046 1441 4107 civitatis
1467 4066 1534 4127 pre·

269 4144 350 4218 dicte
375 4172 406 4217 et
430 4157 499 4217 eius
524 4156 731 4237 pertinenciis
757 4156 890 4232 habitas,
920 4175 990 4215 cum
1017 4155 1168 4216 omnibus
1200 4173 1307 4214 earum
1334 4153 1535 4229 utilitatibus,

268 4263 401 4345 juribus,
426 4264 546 4339 usibus,
564 4262 804 4342 integritatibus
829 4276 859 4322 et
877 4262 1082 4344 pertinenciis
1098 4261 1253 4321 universis
1277 4258 1406 4341 prelatis
1425 4259 1535 4336 PanIO,

269 4369 377 4447 Gallu,
402 4369 574 4430 Valentino
599 4382 629 4429 et
656 4368 805 4429 Michaeli
832 4368 904 4429 liliis
929 4368 993 4428 suis
1022 4368 1192 4449 legavisset
1217 4381 1246 4426 et
1271 4366 1443 4426 dimisisset
1468 4365 1535 4443 jure

268 4476 454 4559 perhennali
480 4475 708 4557 possidendas;
734 4475 872 4555 ideoque
906 4495 964 4535 nos
997 4475 1123 4535 easdem
1158 4473 1374 4554 possessiones
1398 4488 1427 4533 et
1463 4492 1534 4553 por-

268 4583 376 4647 ciones
399 4582 663 4665 possessionarias
690 4582 788 4663 ipsius
822 4583 903 4642 l'etri
940 4581 1095 4641 l'enthera
1121 4581 1152 4641 in
1185 4581 1326 4662 predicta
1351 4580 1477 4641 civitate
1502 4594 1532 4640 et

268 4690 337 4751 eius
358 4689 519 4751 territorio
543 4708 579 4751 ac
604 4689 813 4770 pertinenciis
837 4688 961 4749 habitas
986 4701 1017 4748 et
1050 4687 1230 4763 existentes,
1255 4687 1369 4767 quovis
1394 4685 1535 4746 nominis

266 4796 426 4858 vocabulo
453 4795 617 4873 vocitatas,
643 4795 746 4876 ipsum
770 4794 892 4857 scilicet
917 4794 1044 4855 Petrum
1070 4792 1190 4854 dictum
1220 4791 1376 4854 Penthera
1401 4790 1534 4872 juridice
