3488 5272
651 293 736 348 Anno
760 304 847 368 1473.
874 325 913 334 -
938 306 988 367 23.
1012 293 1124 350 martii.

359 501 497 564 Causam
525 503 606 564 inter
631 503 823 585 Dyonisium
843 503 1008 585 Sipchiczc
1025 502 1192 563 concivem
1212 517 1368 582 nostrum,
1386 505 1425 564 ab
1444 524 1518 582 una,

252 624 281 670 et
306 610 388 671 inter
420 624 605 672 executores
646 609 767 670 domini
802 609 956 670 iohannis
987 609 1088 669 eciam
1121 609 1199 669 alias
1231 610 1372 670 concivis
1407 611 1518 687 nostri,

253 717 380 777 racione
405 718 617 797 quarumdam
644 735 761 792 rerunt,
787 716 954 795 quomodo
987 715 1122 776 eandem
1148 715 1290 776 seniores
1313 716 1437 795 judiees
1460 717 1515 776 ad·

253 823 475 902 judicaverunt
501 823 648 884 moderni
673 822 794 900 judices
823 836 853 883 et
877 822 969 903 jurati
1003 820 1284 900 confirmaverunt,
1322 836 1355 883 ut
1378 823 1404 883 si
1430 823 1516 884 idem

251 949 310 1011 pro
335 929 447 990 eadem
473 949 566 989 causa
592 929 807 1009 juramentum
830 949 893 990 non
913 943 1077 1010 prestaret,
1100 926 1229 989 'causam
1255 929 1356 1011 ipsam
1381 930 1517 990 omnino

250 1036 407 1116 perderet.

356 1143 494 1204 Causam
521 1143 602 1202 inter
627 1142 818 1223 Dyonisium
847 1143 1022 1224 Sipchyczc
1048 1156 1079 1204 et
1103 1155 1288 1203 executores
1313 1141 1437 1202 domini
1462 1143 1515 1203 Jo-

249 1248 362 1309 hannis
388 1249 569 1310 concivium
595 1263 777 1308 nostrorum
803 1268 859 1328 per
875 1248 995 1328 juratos
1024 1249 1152 1310 racione
1177 1248 1390 1329 quarumdam
1408 1267 1515 1309 rerum

253 1355 436 1434 judicatam,
462 1355 545 1414 idem
572 1354 747 1436 Dyonisius
765 1354 949 1436 Sypchyczc
967 1356 1006 1416 ad
1032 1355 1174 1418 seniores
1191 1355 1313 1436 judices
1330 1354 1515 1436 appellavit.

356 1460 495 1522 Causam
521 1461 603 1521 iuter
628 1461 755 1522 Petrum
793 1460 905 1522 Conch
938 1461 1059 1522 dictum
1085 1475 1116 1523 et
1147 1462 1229 1522 inter
1254 1461 1382 1522 Petrum
1408 1460 1514 1541 puisa-

248 1581 350 1628 torem
397 1567 529 1627 ecclesie
562 1568 660 1627 sancti
696 1567 793 1627 Marci
828 1587 884 1648 per
916 1567 1037 1645 judices
1072 1581 1103 1629 et
1134 1567 1254 1648 juratos
1285 1565 1513 1646 adjudicatam,

248 1673 332 1733 idem
359 1673 469 1733 Petrus
494 1672 606 1733 Conch
632 1672 735 1734 dictus
762 1674 830 1755 ipso
861 1672 981 1753 judicio
1014 1693 1077 1734 non
1104 1688 1274 1735 contentus
1306 1673 1345 1733 ad
1371 1674 1514 1734 seniores

246 1778 368 1856 judices
392 1779 566 1860 appellavit
851 1849 853 1853 ,

351 1884 526 1967 Gregorius
560 1884 655 1946 irater
687 1884 809 1945 domini
845 1886 973 1947 Martini
1007 1887 1112 1966 primo
1146 1889 1259 1948 citatus
1291 1905 1347 1966 per
1372 1885 1512 1946 eundem

247 1989 415 2052 dominum
453 1993 638 2069 Matrinum,
675 2011 732 2052 nec
766 1992 852 2053 venit
887 2012 945 2052 nec
982 1993 1166 2074 quempiam
1200 1994 1272 2054 loco
1308 2007 1339 2054 et
1375 2011 1512 2074 persona

246 2117 292 2156 sur
320 2113 415 2159 mrsu.

247 2350 341 2422 Feria
372 2356 476 2422 tercia
507 2357 658 2442 proxima
688 2361 766 2423 ante
804 2353 927 2423 festum
961 2352 1243 2422 Annunciacionis
1281 2352 1376 2422 beate
1405 2351 1511 2424 Marie

297 2478 450 2564 virginis,
480 2498 565 2546 anno
595 2477 722 2547 Domini
753 2477 929 2547 millesimo
963 2478 1292 2565 quadringentesimo
1321 2484 1456 2564 septua-

745 2599 868 2688 gesimo
898 2600 1012 2670 tercio.

764 2774 826 2847 (23.
851 2771 977 2847 ntarlit).

350 2931 434 3002 Quia
453 2945 581 3011 propter
599 2952 725 2990 causam
752 2951 814 3011 que
833 2930 1058 2990 ventillabatur
1074 2931 1154 2990 inter
1172 2930 1307 2990 Paulum
1333 2929 1507 3010 literatum,

242 3050 274 3095 ut
299 3050 450 3113 actorem,
476 3052 504 3095 et
530 3037 793 3116 circumspectum
814 3036 991 3096 Johannem
1018 3036 1240 3119 Soldinarych,
1266 3051 1300 3097 ut
1325 3036 1355 3096 in
1377 3056 1505 3097 causam

241 3157 418 3218 attractum,
445 3144 572 3202 racione
604 3142 780 3202 solutionis
813 3162 865 3202 sex
899 3142 967 3203 flor.
1005 3162 1077 3202 curn
1110 3143 1227 3222 quibus
1252 3140 1347 3202 frater
1370 3162 1447 3202 suus
1473 3158 1507 3204 ut

241 3246 405 3327 presertur,
432 3264 560 3328 propter
584 3249 714 3307 servicia
741 3270 796 3308 sua
823 3269 880 3309 nec
911 3269 974 3308 non
1007 3262 1137 3329 propter
1162 3248 1317 3309 librorum
1344 3250 1503 3330 recepcio·

241 3373 324 3428 nem,
350 3354 440 3432 jurati
467 3354 731 3431 adjudicaverunt
764 3377 802 3414 eo
828 3354 937 3432 mod0,
970 3355 1137 3434 quomodo
1163 3355 1265 3415 dictus
1291 3356 1407 3415 Paulus
1432 3355 1502 3416 lite-

240 3475 324 3519 ratus
349 3461 436 3539 prius
461 3461 575 3519 tiebeat
602 3460 815 3536 iuramentum
850 3461 1022 3541 deponere,
1048 3475 1081 3521 ut
1114 3461 1180 3541 ipse
1205 3460 1299 3521 frater
1325 3461 1423 3541 ipsius
1448 3462 1500 3522 Jo-

241 3566 353 3624 hannis
379 3565 606 3645 Soldinaryczc
635 3566 831 3644 obligaretur
864 3567 968 3627 eidem
995 3587 1052 3647 pro
1084 3568 1224 3627 serviciis
1249 3588 1301 3627 sex
1327 3567 1396 3628 flor.
1422 3569 1501 3646 auri,

240 3674 368 3732 tandem
396 3674 495 3732 eciam
523 3688 651 3753 propter
681 3674 901 3754 recepcionem
934 3675 1137 3754 propriorum
1170 3675 1326 3734 librorum
1351 3694 1502 3749 suorum;

240 3794 350 3859 expost
376 3779 462 3858 quod
497 3778 636 3856 prefatus
669 3780 917 3858 circumspectus
949 3779 1111 3840 iohannes
1143 3781 1284 3841 concivis
1318 3794 1424 3840 noster
1448 3780 1502 3840 de-

239 3886 311 3945 beat
342 3884 467 3962 jurare,
502 3886 589 3964 quod
623 3906 681 3944 nec
713 3886 779 3964 ipse
813 3885 973 3945 iohannes
1007 3905 1063 3945 nec
1092 3901 1193 3946 mater
1223 3906 1278 3946 sua
1304 3886 1429 3966 aliquas
1453 3907 1502 3947 res

239 4012 311 4049 suas
338 4006 411 4070 puta
440 3991 561 4050 Nicolai
589 3990 643 4050 tilii
670 3992 716 4050 sui
747 3992 828 4051 circa
853 4012 885 4050 se
903 3992 1135 4071 percepissent;
1161 4011 1226 4071 quo
1253 3991 1373 4069 judicio
1398 3992 1502 4052 dictus

241 4096 403 4157 Johannes
440 4118 510 4157 cum
542 4111 640 4157 matre
678 4117 731 4156 sua
766 4117 828 4156 non
863 4112 1041 4175 contentus,
1066 4099 1165 4178 ipsam
1199 4118 1325 4158 causam
1358 4112 1429 4159 ante
1455 4098 1500 4178 ju-

238 4202 324 4263 dices
349 4204 489 4265 seniores
514 4204 697 4284 appellavit.

345 4328 419 4388 irem
456 4329 585 4406 quidam
621 4328 781 4387 Joharrnes
813 4329 904 4389 aliter
936 4330 1053 4389 Janzek
1087 4330 1281 4407 nominatus,
1315 4328 1398 4390 filius
1427 4330 1499 4390 Pse-

239 4434 372 4493 nicznak
400 4435 538 4494 Bronten
566 4436 652 4511 dicti,
679 4450 723 4495 est
741 4451 883 4515 repertus
909 4437 938 4495 in
959 4436 1128 4496 manifesto
1153 4437 1315 4498 furticinio
1332 4437 1499 4497 cuiusdam

237 4541 322 4619 equi,
348 4561 442 4619 quem
477 4544 671 4601 subtraxerat
706 4543 794 4602 Pauli
830 4543 992 4618 institoris,
1026 4544 1112 4623 quod
1146 4544 1211 4625 ipse
1243 4545 1331 4605 solus
1363 4563 1416 4604 ore
1441 4563 1500 4605 suo

238 4645 340 4705 t'assus
365 4660 410 4705 est
437 4647 466 4706 in
486 4648 655 4728 supplicio,
681 4648 753 4708 ideo
779 4648 870 4726 jurati
890 4649 1164 4728 adjudicaverunt,
1190 4650 1276 4730 quod
1303 4651 1369 4731 ipse
1389 4651 1498 4711 Anzek

239 4750 343 4813 dictus
368 4750 463 4812 debet
490 4752 639 4833 suspendi
667 4754 697 4814 in
730 4754 875 4835 patibulo
908 4755 990 4815 dicte
1019 4755 1164 4834 civitatis,
1198 4770 1227 4816 et
1252 4756 1306 4818 ille
1331 4757 1421 4818 cuius
1453 4771 1499 4817 est
