3488 5272
241 239 301 298 502
599 221 685 278 Anno
715 215 810 297 1480.
834 252 879 264 —
901 233 929 280 1.
952 219 1112 280 decembris.

239 446 302 493 tres
326 431 474 492 balistas:
501 450 573 492 ecce
599 432 655 492 ista
682 444 728 491 est
749 429 861 492 balista
887 450 984 511 quam
1002 450 1062 512 ego
1079 431 1264 512 querebam,
1290 446 1321 492 et
1345 429 1405 493 fuit
1429 451 1507 493 con·

242 551 347 599 tentus
371 556 428 618 pro
454 537 521 618 ipsa
547 537 677 612 balista;
703 536 882 617 eodemque
908 536 960 598 die
978 550 1164 618 prenotatus
1189 556 1296 598 comes
1321 536 1432 599 Petrus
1448 556 1507 618 per

239 644 386 705 homines
411 663 486 704 suos
519 643 682 704 nunciavit
707 644 822 705 iterum
855 643 965 724 juratis
997 643 1164 725 quomodo
1198 644 1265 726 ipse
1289 664 1306 705 a
1332 644 1507 705 Dominico

240 749 411 833 Perowych
445 750 574 811 racione
607 749 707 831 ipsius
739 749 851 811 baliste
883 746 1078 811 sufficienter
1110 762 1278 811 contentus
1309 750 1349 811 sit
1381 765 1412 811 et
1449 763 1507 829 est,

239 857 348 938 ibique
386 856 567 937 sepedictus
601 855 792 917 Dominicus
824 855 998 938 Perowych
1035 856 1182 918 similiter
1214 857 1318 939 ipsum
1352 857 1506 918 comitem

239 963 367 1025 Petrum
394 962 535 1024 reddidit
559 962 697 1042 quittum
723 975 754 1023 et
778 962 964 1044 expeditum
997 982 1056 1045 pro
1081 962 1190 1025 debito
1215 982 1281 1043 quo
1306 963 1372 1045 ipse
1397 982 1508 1025 comes

240 1068 350 1129 Petrus
375 1068 548 1130 Dominico
573 1068 789 1149 obligabatur.

346 1173 450 1236 Causa
476 1175 557 1235 inter
583 1174 757 1257 Perowych
781 1175 990 1236 Dominicum
1023 1187 1053 1235 et
1078 1173 1258 1236 lohannem
1283 1175 1507 1259 Soldynarych

240 1282 367 1343 racione
392 1281 558 1343 cuiusdam
593 1281 737 1342 cenaculi
771 1282 862 1362 iurati
896 1280 1172 1361 adjudicaverunt,
1205 1282 1292 1362 quod
1327 1282 1393 1363 ipse
1418 1283 1508 1344 solus

240 1388 430 1450 Dominicus
455 1386 629 1471 Perowych
666 1387 844 1469 predictum
881 1388 1069 1449 cenaculum
1106 1406 1170 1449 non
1205 1402 1308 1470 potest
1344 1388 1507 1471 deponere

240 1495 300 1556 nisi
325 1495 350 1554 si
375 1508 440 1556 tota
466 1493 680 1555 communitas
705 1493 861 1569 voluerit;
887 1493 926 1554 de
951 1513 1013 1575 qua
1041 1493 1287 1574 adjudicacione
1312 1494 1507 1557 Dominicus

241 1621 306 1663 non
330 1613 500 1661 contentus
524 1619 650 1661 causam
675 1600 776 1682 ipsam
801 1600 840 1661 ad
868 1600 1008 1661 seniores
1033 1599 1209 1682 appellavit
1232 1600 1364 1680 judices.

347 1708 451 1769 Causa
477 1708 558 1768 inter
584 1705 714 1767 Gallum
741 1705 919 1789 Kwdelych
943 1719 973 1766 et
995 1706 1131 1768 Paulum
1156 1704 1351 1768 aurifabrum
1377 1725 1413 1766 ac
1439 1711 1508 1767 Au·

241 1815 350 1875 dream
383 1814 542 1875 seniorem
576 1813 714 1890 juratum
748 1827 778 1873 et
810 1812 967 1873 decanum
1001 1813 1128 1874 racione
1161 1812 1359 1895 expulsionis
1393 1811 1507 1895 prefati

241 1919 327 1983 Galli
353 1921 391 1981 de
416 1920 489 1981 loco
514 1934 543 1981 et
568 1920 642 1981 sede
668 1920 844 1997 juratorum
878 1938 933 2000 per
966 1919 1070 2000 ipsum
1106 1918 1241 1980 Paulum
1265 1919 1425 1980 seniorem
1459 1919 1509 2001 ju·

242 2028 344 2088 dicem
371 2042 402 2088 et
426 2025 588 2087 Andream
607 2026 784 2107 predictum
809 2044 904 2107 super
930 2025 1034 2105 ipsum
1053 2023 1184 2085 Gallum
1211 2024 1388 2107 Kwdelych
1406 2023 1510 2104 factis,

242 2134 334 2215 jurati
349 2133 625 2213 adjudicaverunt,
643 2132 731 2212 quod
746 2133 820 2212 quia
839 2131 977 2211 quedam
994 2130 1125 2191 infamia
1142 2151 1237 2212 super
1255 2132 1358 2213 ipsum
1374 2129 1508 2193 Gallum

242 2240 302 2302 fuit
326 2256 433 2301 exorta
452 2256 482 2300 et
499 2259 668 2320 quousque
687 2239 725 2298 de
740 2240 852 2298 eadem
877 2258 909 2299 se
923 2251 1124 2319 expurgaret,
1141 2238 1368 2319 prememorati
1387 2237 1509 2299 Paulus

242 2347 348 2408 senior
372 2346 465 2424 judex
493 2360 522 2406 et
547 2346 691 2405 Andreas
715 2357 803 2406 sutor
829 2344 967 2405 decanus
996 2342 1174 2423 juratorum
1201 2343 1305 2425 ipsum
1331 2341 1464 2405 Gallum
1489 2363 1508 2404 a

243 2453 325 2513 dicta
349 2452 423 2513 sede
448 2465 478 2512 et
496 2452 568 2511 loco
587 2450 790 2511 inhibuerant
816 2464 846 2511 et
863 2450 1068 2527 secluserant‚
1086 2464 1168 2510 recte
1196 2448 1354 2526 fecerant;
1372 2464 1403 2511 et
1420 2462 1509 2531 post-

242 2576 339 2639 quam
365 2578 396 2617 se
422 2557 610 2637 expurgavit
634 2558 772 2618 eundem
800 2555 931 2617 Gallum
965 2556 1005 2618 ad
1031 2557 1138 2617 locum
1171 2576 1264 2618 suum
1289 2557 1506 2618 communitas

242 2665 351 2725 statuit
369 2678 399 2724 et
420 2683 594 2723 econverso
619 2664 735 2742 posuit,
760 2664 859 2723 eciam
885 2678 968 2723 recte
994 2661 1145 2724 fecerunt.
1172 2662 1248 2724 Item
1270 2662 1358 2743 quod
1382 2662 1442 2723 sibi
1468 2663 1509 2724 ad

245 2770 370 2850 vigilias
388 2770 522 2830 civitatis
548 2783 577 2829 et
602 2771 640 2828 ad
660 2769 784 2828 labores
807 2770 1002 2850 precipiebat
1019 2767 1160 2850 prefatus
1177 2769 1282 2848 judex,
1300 2770 1401 2830 eciam
1427 2770 1509 2830 bene

246 2876 328 2954 fecit,
362 2879 436 2957 quia
468 2876 622 2935 recusavit
656 2895 711 2955 pro
744 2889 819 2935 tunc
852 2874 994 2936 officium
1028 2877 1204 2953 juratorum
1238 2876 1433 2956 adimplere;
1471 2895 1508 2936 ea

245 2984 486 3060 adjudicacioue
513 3003 576 3042 uon
603 2996 771 3041 contentus
797 2981 910 3042 Gallus
943 3002 1069 3042 causam
1103 2983 1276 3064 appellavit
1301 2982 1341 3042 ad
1365 2982 1509 3042 seniores

245 3091 375 3167 judices.

352 3196 454 3256 Causa
483 3198 562 3255 inter
589 3196 722 3255 Paulum
750 3194 945 3255 aurifabrum
970 3211 1000 3255 et
1018 3196 1136 3271 juratos
1160 3215 1235 3255 suos
1259 3196 1385 3255 racione
1403 3194 1508 3254 cuius·

245 3302 316 3361 dam
345 3303 407 3361 vini
438 3304 520 3361 leuce
548 3302 706 3382 llibarych
732 3303 856 3361 arestati
889 3316 918 3360 et
952 3302 1115 3361 educillati
1150 3303 1244 3362 unius
1269 3300 1336 3362 flor.
1363 3300 1507 3378 valentis,

245 3409 336 3487 jurati
362 3407 636 3482 adjudicaverunt,
663 3409 749 3487 quod
785 3408 829 3466 illi
865 3407 955 3482 jurati
983 3408 1037 3488 qui
1071 3407 1228 3488 prefatum
1264 3410 1374 3467 vinum
1399 3405 1507 3467 ebibe·

246 3530 316 3575 runt
343 3514 400 3592 ipsi
429 3514 527 3572 Paulo
553 3512 714 3572 aurifabro
749 3513 865 3573 habent
890 3515 1013 3573 solvere
1047 3515 1225 3594 predictum
1258 3514 1368 3574 vinum
1394 3511 1505 3573 floreni

246 3622 339 3681 unius
364 3639 459 3700 quem
487 3621 551 3699 ipse
577 3620 672 3679 solvit
699 3620 783 3678 Luce
809 3620 989 3700 Rybaryclr.

351 3727 456 3788 Causa
484 3727 563 3784 inter
582 3726 714 3784 Paulum
735 3723 930 3786 aurifabrum
957 3741 987 3786 et
1013 3727 1173 3786 andream
1194 3741 1343 3807 nepotem
1369 3725 1506 3788 condam

245 3834 366 3893 domini
402 3833 554 3893 lobannis
587 3832 750 3911 presbiteri
786 3833 912 3892 racione
946 3833 1104 3893 bonorum
1144 3834 1358 3912 quorumdam
1392 3832 1505 3916 orpha·

245 3960 372 4015 norum,
411 3940 500 4013 iurati
538 3937 813 4013 adjudicaverunt,
846 3939 932 4018 quod
967 3941 1111 4000 Andreas
1145 3941 1174 4000 in
1209 3959 1344 4019 persona
1378 3938 1505 4000 illorum

245 4046 461 4126 orphanorum
491 4047 583 4106 habet
601 4061 757 4122 occupare
784 4046 866 4104 bona
884 4045 1041 4106 dictorum
1061 4047 1289 4126 orphanorum,
1316 4047 1381 4127 ipse
1399 4060 1504 4106 autem

246 4153 363 4211 Paulus
388 4151 547 4212 aurifaber
573 4152 696 4211 literam
731 4165 760 4209 et
783 4150 849 4223 iura
885 4153 1025 4232 ipsorum
1053 4155 1083 4212 in
1118 4154 1265 4213 manibus
1290 4156 1354 4213 suis
1378 4169 1504 4228 tenere3

244 4273 352 4337 postea
379 4272 483 4317 autem
511 4258 555 4316 illi
582 4255 716 4337 orphani
743 4256 767 4314 si
792 4256 866 4336 ipsis
892 4258 1045 4338 placuerit
1076 4259 1180 4319 literas
1206 4273 1235 4319 et
1260 4260 1321 4320 alia
1347 4262 1430 4320 bona
1448 4279 1504 4321 sua

245 4365 415 4443 requirent.

351 4471 486 4531 Michael
521 4469 659 4530 carnifex
697 4485 805 4531 contra
843 4469 969 4530 l’etrum
1007 4489 1116 4550 sporar
1150 4473 1253 4554 primo
1290 4474 1402 4534 citatus
1439 4493 1502 4534 non

244 4578 432 4659 comparuit.
