3488 5272
607 330 806 412 Ann01467.
832 368 874 378 -
898 350 925 395 1.
956 335 1128 409 septembris.
1440 353 1497 416 3²¹

236 557 267 605 et
291 564 388 625 penes
413 546 517 626 legem
543 560 573 606 et
598 547 862 607 consuetudinem
896 546 979 607 dicte
1004 545 1140 608 civitatis
1164 548 1204 607 ab
1228 547 1362 627 antiquo
1387 565 1501 628 appro·

237 653 342 710 batam
369 665 398 712 ct
424 672 521 732 penes
554 651 724 713 iussionem
759 652 857 734 ipsius
891 652 987 713 Blasii
1012 651 1127 732 iudicis
1159 667 1189 712 et
1214 652 1314 733 ipsam
1339 650 1501 731 juramen·

237 757 333 818 telem
358 758 601 839 deposicionem
636 756 770 820 fecimus
794 773 825 820 et
856 758 1074 839 impendimus
1106 759 1245 840 demptis
1270 758 1375 838 latigis
1398 772 1429 820 et
1453 778 1503 818 ex·

237 864 342 943 pensis
366 883 422 944 per
447 865 550 945 ipsum
576 865 696 947 Radoy
721 865 752 925 in
778 866 1007 945 prosecutione
1041 865 1184 946 ipsorum
1209 884 1379 946 porcorum
1405 863 1504 925 lactis.

343 970 419 1031 ltem
445 990 572 1031 causam
606 971 688 1031 inter
714 971 908 1052 Dyonisium
938 970 1115 1053 Wodopya
1149 971 1281 1047 dictum,
1306 971 1344 1030 de
1371 971 1504 1052 Bythek,

237 1090 268 1137 et
292 1076 435 1138 Marcum
460 1076 685 1138 Corintianum
707 1079 745 1139 de
767 1078 927 1160 l'obresye
948 1079 1075 1139 racione
1093 1077 1331 1139 interleccionis
1347 1097 1402 1137 seu
1420 1096 1502 1138 mac·

236 1182 370 1243 racionis
393 1203 449 1264 per
473 1184 611 1244 eundem
638 1183 783 1245 Marcum
811 1184 1026 1265 quorumdam
1049 1203 1219 1265 porcorum
1246 1183 1390 1244 eiusdem
1416 1182 1501 1264 Dyn-

238 1289 309 1348 nisii
336 1289 366 1348 in
401 1290 492 1349 milio
518 1289 617 1370 ipsius
651 1290 760 1367 Marci,
793 1288 885 1368 jurati
918 1288 1143 1366 adjudicarunt
1176 1289 1291 1366 taliter,
1323 1289 1411 1369 quod
1437 1289 1504 1369 ipse

239 1394 364 1455 Marcus
388 1395 492 1475 primo
511 1396 666 1456 solusmet
692 1396 722 1455 in
740 1415 793 1456 ara
810 1410 916 1456 sancte
939 1394 1053 1456 Crucis
1077 1396 1109 1457 in
1134 1395 1269 1457 ecclesia
1287 1395 1385 1456 sancti
1405 1394 1502 1455 Marci

238 1501 443 1580 ewangeliste
469 1502 499 1560 in
525 1520 564 1561 eo
598 1516 740 1582 prestare
774 1502 936 1563 tenebitur
960 1500 1037 1562 feria
1069 1502 1165 1562 tercia
1190 1501 1336 1583 proxime
1361 1515 1503 1577 ventura,

237 1607 324 1687 quod
358 1608 424 1688 ipse
450 1609 575 1669 Marcus
606 1608 798 1669 multociens
831 1609 943 1689 petivit
978 1623 1008 1668 et
1032 1608 1213 1670 ammonuit
1245 1607 1349 1689 ipsum
1383 1607 1503 1689 Dyoni-

238 1714 332 1791 sium,
357 1715 445 1795 quod
471 1716 536 1797 ipse
561 1715 621 1775 sibi
646 1715 786 1795 dampna
812 1735 866 1796 per
891 1735 1008 1797 porcos
1038 1735 1112 1777 suos
1136 1735 1200 1777 non
1227 1714 1504 1790 inlerre13secun·

239 1821 329 1882 dario
354 1822 439 1882 idem
465 1822 592 1883 Marcus
624 1822 722 1882 tercio
756 1842 789 1882 se
822 1821 1010 1882 hominibus
1034 1823 1094 1883 sibi
1128 1822 1289 1883 similibus
1313 1821 1427 1883 eodem
1452 1822 1504 1882 die

241 1929 272 1989 in
297 1949 336 1989 co
361 1928 575 2007 iuramentum
614 1943 752 2010 prestare
784 1929 954 2006 tenebitur,
990 1928 1077 2008 quod
1111 1929 1178 2009 ipse
1206 1928 1367 2010 predictos
1390 1947 1504 2010 porcos

240 2035 338 2116 ipsius
364 2036 509 2116 Dyonisii
535 2053 602 2095 non
631 2034 852 2116 calumpniose
870 2047 900 2095 et
924 2035 1134 2117 opprobriose
1159 2055 1223 2096 non
1249 2035 1424 2115 sagitasset,
1449 2034 1503 2094 sed

240 2161 276 2202 ex
301 2162 351 2218 eo,
375 2142 463 2223 quod
490 2141 621 2202 cosdem
649 2161 764 2223 porcos
788 2141 871 2202 circa
898 2141 1036 2220 iudicem
1066 2161 1130 2202 non
1157 2142 1259 2223 potuit
1284 2141 1449 2222 impellere
1474 2156 1503 2202 ct

240 2268 303 2309 non
329 2248 487 2309 dederunt
503 2268 535 2308 se
561 2248 747 2328 impellere,
772 2260 802 2307 et
822 2247 899 2307 dum
917 2246 1044 2327 jurabit,
1069 2261 1145 2308 tunc
1163 2246 1303 2329 prelatus
1328 2247 1503 2329 Dyonisius

240 2355 415 2435 Wodopya
442 2355 472 2414 in
499 2373 557 2414 suo
582 2354 723 2435 dampno
756 2373 942 2434 permanere
967 2353 1093 2430 debeat,
1127 2358 1193 2436 ipse
1219 2374 1295 2415 vero
1321 2354 1446 2415 Marcus
1471 2354 1501 2413 in

240 2461 452 2524 extimacione
485 2459 616 2541 dampni
649 2460 697 2520 sui
730 2459 810 2520 milii
843 2479 898 2541 per
928 2478 1043 2540 porcos
1075 2460 1234 2540 predictos
1267 2458 1339 2520 lacti
1372 2473 1502 2520 conten·

241 2568 298 2626 tari
323 2567 448 2627 debeat.

348 2672 424 2734 ltem
451 2672 632 2754 Stephanus
664 2688 753 2732 sutor
785 2691 882 2753 penes
914 2672 1041 2733 Achecb
1074 2671 1227 2748 residens,
1259 2672 1363 2753 primo
1395 2685 1504 2732 contra

241 2779 441 2840 Anthonium
466 2793 618 2856 sutorem,
663 2799 817 2858 generum
850 2778 986 2839 condam
1021 2780 1170 2839 Anthene
1204 2779 1366 2855 institoris,
1391 2778 1505 2838 citatus

242 2906 307 2946 non
332 2886 511 2966 comparuit
536 2905 642 2945 coram
668 2886 762 2946 nobis
787 2884 817 2944 in
843 2884 974 2965 judicio.

243 3103 336 3176 Feria
367 3109 473 3176 tercia
503 3109 655 3194 proxima
690 3116 765 3194 post
804 3106 925 3177 festum
963 3105 1051 3177 beati
1081 3105 1257 3193 Augustini
1296 3104 1440 3194 episcopi
1471 3115 1505 3176 et

800 3229 958 3303 doctoris.

747 3386 787 3455 (1.
813 3385 997 3458 septembris).

350 3524 427 3585 ltem
454 3525 581 3586 racione
614 3526 778 3586 cuiusdam
812 3526 990 3586 molendini
1024 3539 1054 3586 et
1086 3540 1239 3585 terrarum
1272 3525 1441 3585 arabilium
1475 3540 1505 3586 et

243 3630 409 3691 vinearum
434 3633 571 3692 condam
597 3633 720 3692 domini
748 3632 829 3692 Petri
856 3632 1036 3692 Teutonici
1062 3631 1277 3691 archidiaconi
1303 3632 1342 3691 de
1368 3630 1504 3691 Kemlelt

243 3751 274 3797 et
303 3738 448 3797 canonici
483 3738 614 3798 ecclesie
648 3738 872 3818 zagrsbiensis,
905 3737 992 3818 quod
1022 3737 1244 3798 molendinum
1277 3757 1312 3796 nc
1344 3752 1441 3797 terras
1473 3749 1503 3796 et

244 3843 354 3903 vineas
379 3844 444 3923 ipse
469 3844 606 3904 condam
632 3845 783 3904 dominus
816 3845 925 3905 Petrus
952 3844 1057 3904 Milice
1087 3845 1195 3924 nepoti
1219 3863 1278 3903 suo
1303 3856 1504 3903 testamenta·

243 3948 315 4010 liter
348 3950 492 4029 legasset,
525 3949 612 4030 quod
647 3950 869 4010 molendinum
902 3970 937 4010 ac
973 3964 1071 4010 terras
1104 3950 1169 4030 ipse
1203 3950 1347 4030 Mylycza
1373 3948 1501 4008 Thome

244 4055 354 4115 sartori
382 4057 475 4116 certis
500 4077 536 4116 ex
570 4057 672 4116 causis
695 4056 844 4133 dedisset,
877 4056 1073 4137 quequidem
1107 4071 1187 4116 terre
1220 4075 1255 4115 ac
1280 4055 1503 4115 molendinum

223 4173 274 4221 .et
299 4161 391 4222 vinee
410 4162 466 4242 ipsi
494 4162 630 4221 condam
649 4162 783 4222 domino
808 4163 901 4222 l'etro
919 4164 1120 4243 inpignorute
1139 4160 1281 4236 luissent,
1307 4161 1361 4220 sed
1388 4161 1505 4221 nescie-

245 4269 336 4329 batur
361 4288 418 4350 pro
452 4270 597 4349 quantis;
630 4284 659 4329 et
684 4269 758 4348 quia
793 4270 924 4350 provida
958 4270 1073 4329 mulier
1104 4269 1214 4328 l'rsulu
1242 4282 1350 4327 vocatu
1377 4286 1506 4326 consors

244 4375 387 4436 eiusdem
422 4375 550 4436 Tbome
582 4377 710 4435 sartoris
742 4391 844 4435 certos
876 4390 969 4436 restes
997 4396 1028 4434 se
1061 4394 1167 4434 coram
1202 4374 1295 4433 nobis
1329 4373 1504 4453 producere

244 4482 461 4563 promittebat,
480 4482 629 4542 videlicet
647 4481 813 4563 providam
832 4482 999 4541 mulierem
1019 4486 1110 4540 Anna
1129 4480 1220 4539 aliter
1233 4480 1329 4557 dulge
1347 4493 1503 4551 vocatam,

244 4601 275 4647 et
293 4587 461 4648 Nicolaum
488 4588 777 4648 molendinatorem
797 4588 827 4646 in
854 4587 973 4665 iudicio
998 4606 1105 4646 coram
1129 4586 1221 4645 nobis
1246 4584 1405 4664 produxit,
1425 4604 1500 4663 que-

245 4693 375 4774 quidem
389 4699 480 4754 Anna
495 4694 611 4755 mulier
628 4695 667 4753 ad
687 4693 780 4754 tidem
799 4713 888 4753 suam
899 4693 975 4773 quid
991 4693 1019 4752 ei
1032 4694 1062 4752 in
1079 4691 1341 4772 inpignoracione
1355 4690 1498 4749 eiusdem

245 4799 425 4862 molendini
450 4816 606 4861 constaret
632 4817 662 4861 et
687 4820 744 4882 pro
769 4799 898 4881 quantis
927 4799 1128 4881 inpignoratc
1155 4795 1295 4873 fuerunt,
1319 4795 1425 4856 dicere
1450 4795 1500 4855 hs·

1407 4901 1450 4945 at
