3488 5272
628 350 714 406 Anno
737 347 829 426 1462.
853 383 897 393 -
920 348 951 410 ό.
975 352 1101 425 augusti.

232 563 351 624 lentam
376 563 599 644 recepcionem
618 562 806 624 eorumdem
832 565 954 623 bouum
973 562 1005 624 in
1029 577 1111 624 terra
1130 563 1228 644 ipsius
1253 564 1425 644 Pangracz‚
1450 577 1496 624 est

231 670 397 730 convictus
422 670 453 730 in
479 669 590 730 decem
615 669 729 729 marcis
753 682 862 729 contra
888 669 992 750 ipsum
1022 668 1182 750 Pangracz
1219 669 1294 748 quia
1320 670 1387 751 ipsa
1412 682 1494 730 terra

232 772 293 837 fuit
309 775 481 857 prohibita,
506 791 537 837 et
554 777 620 858 ipse
637 773 776 837 famulus
793 795 850 855 pro
869 775 967 856 ipsius
984 775 1167 856 inpulsione
1193 774 1351 836 dictorum
1371 776 1493 836 bouum

231 896 357 944 tenetur
382 880 479 962 judici
504 881 696 943 satisfacere.

337 988 414 1050 Item
440 1007 568 1062 causam
593 988 675 1049 inter
702 988 822 1049 Lucam
840 987 1045 1068 jobagionem
1066 987 1195 1070 plebani
1221 987 1253 1048 in
1271 988 1439 1049 Ztenevvcz
1464 1002 1495 1050 et

230 1093 402 1156 familiares
419 1094 573 1155 Anthonii
591 1093 715 1173 judicis,
734 1094 831 1155 iidem
848 1091 1021 1156 familiares
1038 1094 1157 1156 debent
1169 1097 1275 1155 vocari
1293 1094 1332 1154 ad
1350 1096 1491 1176 primum

233 1200 387 1282 judicium
413 1215 447 1263 ut
471 1212 680 1282 compareant
702 1220 735 1261 se
759 1214 964 1262 excusaturos
996 1200 1123 1262 racione
1150 1200 1387 1262 verberacionis
1411 1201 1495 1262 eius·

231 1309 306 1369 dem
332 1308 417 1369 Luce
442 1322 473 1369 et
496 1308 625 1368 racione
650 1305 886 1369 interfercionis
910 1309 1042 1387 equacie
1066 1326 1133 1368 sue.

338 1414 414 1475 ltem
440 1411 580 1475 famulus
605 1413 695 1474 Pauli
712 1413 887 1495 appellavit
908 1433 1036 1474 causam
1059 1433 1150 1474 suam
1174 1432 1247 1475 cum
1267 1413 1427 1494 Pangracz
1452 1414 1492 1474 ad

233 1521 376 1583 seniores
399 1520 529 1601 judices.

337 1629 416 1691 Item
441 1629 653 1690 Benedictum
686 1626 883 1689 aurifabrum
909 1627 1100 1689 Valentinus
1124 1626 1292 1711 Marysych
1324 1646 1382 1708 pro
1413 1626 1495 1705 jura·

233 1750 342 1799 mento
367 1736 455 1817 quod
481 1736 643 1818 deponere
666 1737 835 1796 tenebatur
860 1732 937 1796 feria
971 1749 1057 1796 sexta
1082 1726 1297 1796 ante'festum
1323 1734 1423 1795 Eleae
1448 1734 1495 1795 di·

232 1843 320 1905 misit
344 1842 483 1904 eundem
509 1842 705 1924 expeditum.

380 2081 478 2154 Feria
507 2089 604 2153 serta
634 2085 789 2170 proxima
818 2089 894 2170 post
921 2082 1044 2153 festum
1074 2080 1212 2154 0sualdi
1242 2084 1342 2170 regis.

758 2232 805 2314 (ό.
829 2235 972 2315 auguste).

337 2380 414 2441 ltem
440 2398 567 2440 causam
601 2378 683 2438 inter
705 2376 906 2458 Wodopiam
937 2376 1129 2459 Dyonisium
1161 2392 1191 2438 et
1215 2378 1297 2438 inter
1321 2377 1492 2438 Nicolaum

229 2486 373 2548 eiusdem
397 2484 573 2565 agricolam
589 2483 718 2544 racione
742 2482 882 2544 violente
901 2481 1086 2562 injeccionis
1103 2483 1195 2563 jurati
1217 2483 1493 2565 adjudicaverunt,

229 2593 303 2674 quia
330 2592 396 2672 ipse
421 2590 575 2651 Nicolaus
607 2590 737 2672 punitus
770 2587 828 2650 fuit
852 2590 927 2671 quia
961 2590 1106 2650 insuam
1132 2589 1266 2651 domum
1301 2609 1414 2651 manus
1447 2590 1493 2650 in·

230 2698 313 2777 jecit,
338 2698 412 2759 ideo
437 2696 514 2778 ipsis
539 2698 695 2756 ambabus
718 2695 887 2756 silencium
912 2710 958 2757 est
983 2695 1158 2777 inpositum
1183 2698 1242 2757 sub
1267 2716 1348 2777 pena
1382 2695 1492 2756 decem

231 2823 422 2866 marcarum.

336 2910 412 2971 ltern
431 2908 523 2989 jurati
542 2908 808 2988 adjudicaverunt
825 2928 951 2970 causam
971 2908 1051 2969 inter
1070 2908 1279 2969 Benedictum
1296 2906 1493 2969 aurifabrum

229 3032 259 3078 et
284 3016 491 3077 Valentinum
519 3014 698 3097 Marysych‚
724 3031 753 3075 er
779 3016 853 3095 quia
876 3030 1047 3076 annotatus
1066 3014 1256 3075 Benedictus
1279 3034 1351 3075 cum
1377 3034 1493 3096 propo-

230 3126 326 3184 nebat
351 3142 478 3183 causam
503 3141 594 3182 auam
620 3136 729 3182 contra
754 3135 943 3182 annotatum
968 3121 1175 3182 Valentinum
1200 3121 1296 3182 tercia
1320 3121 1389 3182 vice
1413 3122 1494 3183 sedit

231 3229 270 3289 ad
297 3249 486 3311 scampnum
512 3244 542 3291 et
568 3228 670 3289 noluit
695 3242 776 3289 stare
807 3247 880 3288 cum
912 3246 970 3288 suo
995 3242 1144 3288 causante
1176 3229 1296 3308 absque
1330 3227 1493 3288 voluntate

230 3335 356 3415 judicis,
381 3336 546 3396 convictus
570 3350 616 3395 est
640 3350 749 3395 contra
783 3335 934 3411 iudicem,
959 3334 1079 3413 juratos
1112 3335 1144 3393 in
1169 3334 1293 3395 duabus
1315 3335 1440 3411 marcis,
1464 3348 1494 3394 ct

229 3443 306 3504 dum
332 3443 434 3503 solvet
452 3443 592 3520 easdem,
616 3455 692 3502 tunc
710 3441 864 3519 judicium
890 3440 943 3502 fiet
960 3441 1019 3501 sibi
1046 3462 1082 3501 ex
1108 3455 1196 3521 parte
1214 3440 1358 3501 ciusdem
1378 3441 1493 3500 Valon-

228 3549 306 3622 tini;
332 3549 371 3608 de
396 3568 461 3629 quo
486 3547 608 3629 judicio
642 3547 725 3608 idem
756 3547 949 3609 Benedictus
980 3546 1140 3607 aurifaber
1171 3566 1236 3607 non
1261 3560 1430 3606 contentus
1454 3546 1493 3605 ad

228 3655 371 3715 seniores
395 3654 570 3735 appellavit
594 3653 726 3732 judices.

334 3760 411 3820 ltem
436 3779 563 3820 causam
590 3760 671 3820 inter
695 3758 896 3820 Anthonium
930 3758 1132 3840 Oprasnvch‚
1164 3777 1262 3839 quam
1285 3757 1351 3839 ipse
1377 3777 1493 3839 propo-

228 3868 324 3927 nebat
349 3882 458 3928 contra
486 3867 628 3928 Marcum
654 3865 834 3927 carnificem
860 3880 890 3926 et
915 3885 1047 3926 uxorem
1077 3865 1204 3925 Andree
1227 3865 1370 3925 carnium
1397 3865 1493 3946 porti·

229 3974 307 4033 toris
331 3974 460 4034 racione
491 3973 685 4034 deteccionis
716 3972 931 4053 quorumdam
965 3971 1128 4053 pullorum
1161 3971 1192 4030 in
1218 3969 1317 4031 domo
1349 3970 1492 4031 eiusdem

230 4079 329 4140 Marci
354 4079 511 4141 carnificis
535 4100 591 4162 per
615 4080 751 4141 eandem
785 4099 916 4140 uxorem
942 4079 1082 4154 Andree,
1106 4077 1145 4137 ad
1170 4095 1252 4157 quos
1277 4077 1343 4157 ipse
1370 4075 1493 4135 Antho-

230 4187 301 4246 nius
325 4187 541 4268 suspicionem
567 4186 704 4247 habebat
728 4186 816 4267 quod
841 4186 941 4267 ipsius
974 4184 1052 4266 pulli
1080 4183 1223 4257 fuissent,
1249 4182 1340 4257 iurati
1366 4181 1492 4257 adjudi-

230 4307 392 4369 caverunt,
417 4292 505 4372 quod
531 4293 597 4374 ipse
624 4293 749 4353 Marcus
781 4307 811 4353 et
838 4293 903 4373 ipsa
928 4309 1059 4352 consors
1091 4289 1234 4350 eiusdem
1260 4287 1387 4347 Andree
1414 4285 1493 4346 feria

230 4413 315 4460 sexta
341 4400 485 4479 proxime
517 4414 651 4459 ventura
685 4398 821 4479 quilibet
846 4417 957 4458 eorum
990 4397 1173 4459 terciusmet
1196 4394 1437 4473 (iuramentum)
1463 4395 1492 4453 in

228 4525 280 4566 ara
305 4519 413 4566 sancte
439 4505 553 4566 Crucis
577 4520 717 4586 prestare
746 4506 951 4581 tenebuntur,
984 4504 1072 4584 quod
1099 4502 1223 4563 nullum
1249 4500 1374 4582 pullum
1399 4519 1492 4561 suurn

229 4612 295 4694 ipse
323 4613 448 4673 Marcus
472 4627 502 4672 et
526 4614 593 4693 ipsa
618 4613 735 4673 mulier
758 4611 927 4674 coiissent.

335 4718 411 4780 ltem
437 4718 513 4800 quia
539 4720 665 4781 Marcus
688 4718 828 4780 carnifex
851 4718 1064 4781 Laurencium
1090 4731 1120 4778 et
1146 4716 1348 4777 lodouicum
1374 4713 1493 4791 iuratos

228 4823 452 4887 dehonestavit
477 4839 507 4887 et
531 4824 722 4908 vituperavit
747 4825 778 4886 in
799 4823 920 4907 judicio
936 4823 1068 4886 sedente
1092 4822 1198 4902 judice
1223 4837 1253 4883 et
1270 4820 1393 4902 juratis,
1415 4840 1492 4883 con·
