3488 5272
268 310 330 390 ²98
686 312 774 371 Anno
796 309 891 390 1466.
917 346 957 353 -
979 326 1011 389 4.
1026 314 1110 388 julii.

319 420 324 424 .
346 420 375 425 ...
394 420 420 425 ..
450 420 473 424 --
496 420 523 425 ..-
546 419 587 425 -.
612 420 635 424 -
674 420 708 425 ...
744 421 777 426 —
848 420 945 425 ——
1101 420 1540 430 ---..----..———.-—-—-

270 526 440 604 peccunias
465 540 569 605 preter
587 526 678 585 illum
705 544 804 584 unum
823 524 892 585 flor.
918 546 934 584 a
953 524 1089 585 condam
1111 524 1247 584 Nicolao
1263 524 1436 601 aurifabro,
1453 526 1536 587 olim

268 631 373 709 judice
399 630 482 691 dicte
508 631 655 708 civitatis,
681 631 720 690 ad
738 630 938 691 solucionem
963 631 1091 691 illorum
1118 631 1256 692 duorum
1274 651 1432 713 equorum
1451 653 1538 714 quos

179 788 183 795 .
269 737 334 817 ipse
361 737 497 796 condam
525 736 660 797 blathias
679 737 906 818 Kwnoberycb
925 738 1030 798 eidem
1055 737 1193 798 condam
1219 738 1353 799 Nicolao
1369 738 1537 803 aurifabro

268 858 477 920 concesserat,
503 863 565 903 non
586 844 787 924 percepisset,
813 844 950 923 prestitit
972 858 1007 904 ut
1024 844 1146 923 debuit,
1171 865 1270 926 penes
1286 864 1381 925 quam
1407 847 1538 909 nobiles

267 951 399 1010 domine
433 950 602 1010 videlicet:
636 949 730 1010 Clara
764 948 827 1008 lilia
860 949 996 1010 condam
1031 950 1186 1012 Anthonii
1219 949 1274 1011 tilii
1314 951 1458 1033 Dyonisii
1492 953 1536 1013 de

268 1055 449 1132 Chrechan,
475 1076 532 1116 nec
558 1077 620 1116 non
641 1061 748 1135 Agnes
773 1055 836 1115 lilia
856 1054 992 1115 condam
1012 1056 1137 1116 Nicolai
1163 1055 1238 1117 dicti
1258 1056 1362 1137 Regar
1386 1056 1425 1118 de
1444 1056 1536 1119 Gora

267 1176 297 1221 et
332 1163 371 1222 de
408 1161 624 1238 Globochecz,
659 1163 766 1222 relicta
806 1181 880 1222 vero
915 1163 1052 1222 cctrrdam
1087 1163 1249 1224 Ambrosii
1283 1164 1322 1223 de
1355 1164 1534 1244 Progovvcz

268 1270 472 1348 prestiterunt
506 1285 534 1329 et
568 1268 628 1328 boc
661 1287 766 1328 coram
801 1283 939 1349 quatuor
971 1269 1081 1350 juratis
1113 1269 1195 1330 dicte
1227 1270 1364 1331 civitatis
1400 1284 1430 1332 et
1461 1271 1536 1332 aliis

268 1395 363 1454 quam
390 1376 538 1455 pluribus
562 1375 685 1434 civibus
710 1374 793 1434 dicte
818 1375 954 1435 civitatis
971 1375 1010 1435 ad
1038 1374 1098 1435 lroc
1123 1396 1182 1457 pro
1201 1376 1384 1437 testimonio
1402 1378 1534 1441 vocatis.

375 1481 451 1540 ltenr
486 1480 668 1540 Anthonius
701 1480 902 1561 Oprasnych,
936 1482 1043 1541 senior
1067 1481 1197 1559 juratus,
1230 1497 1339 1542 contra
1363 1482 1534 1563 providam

270 1588 438 1647 mulierem
465 1587 673 1647 Karberinam
696 1587 838 1647 relictam
871 1587 1008 1647 condam
1035 1589 1123 1648 l‘auli
1142 1589 1299 1649 sellatoris
1322 1588 1420 1649 filiam
1446 1589 1535 1672 Dyo·

268 1694 339 1754 nisii
355 1694 494 1770 sartoris,
510 1694 699 1754 secundario
718 1694 831 1753 citatus
845 1694 875 1753 in
892 1693 1010 1767 judicio
1025 1713 1089 1754 non
1108 1695 1286 1775 comparuit
1304 1715 1412 1756 coram
1427 1696 1532 1758 nobis.

377 1801 454 1861 ltem
482 1800 582 1859 lucas
606 1814 695 1860 sutor
720 1800 847 1859 ltalicus
871 1800 975 1880 primo
994 1800 1107 1860 citatus
1131 1816 1240 1860 contra
1264 1814 1444 1863 consortem
1464 1803 1533 1863 Ste-

271 1906 368 1987 phani
394 1906 541 1987 plathnar
566 1905 669 1983 iurati,
697 1926 761 1965 non
784 1908 962 1985 comparuit
988 1907 1018 1966 in
1044 1905 1163 1984 judicio
1189 1927 1296 1968 coram
1314 1907 1417 1969 nobis.

377 2013 452 2074 ltem
479 2013 554 2093 quia
580 2013 716 2072 lacobus
748 2012 890 2073 literatus
915 2012 998 2072 lilius
1030 2012 1167 2073 condam
1194 2013 1276 2073 Petri
1302 2014 1428 2092 literati,
1451 2015 1533 2076 olim

268 2120 411 2180 concivis
436 2120 546 2195 nostri,
572 2133 711 2178 nostram
730 2119 862 2179 veniens
887 2119 916 2178 in
944 2112 1140 2199 presenciam
1172 2120 1266 2181 nobis
1282 2120 1461 2201 significare
1479 2141 1534 2182 cu·

268 2227 347 2286 ravit
372 2226 543 2306 querulosa
570 2226 599 2284 in
626 2225 710 2286 hunc
735 2225 869 2285 modum
895 2239 925 2286 et
953 2226 1152 2286 lamentabili
1178 2246 1267 2305 voce,
1293 2241 1327 2287 ut
1351 2246 1414 2288 una
1439 2228 1533 2289 litera

267 2352 322 2391 sua
348 2333 557 2413 privilegialis
582 2352 639 2412 pro
672 2347 759 2412 parte
792 2332 840 2392 sui
865 2352 960 2413 super
995 2333 1133 2412 quadam
1159 2347 1239 2392 terra
1273 2352 1329 2393 sua
1354 2334 1465 2394 arabili
1500 2335 1531 2395 in

266 2459 381 2519 campo
414 2455 442 2499 et
475 2439 635 2498 territorio
668 2439 749 2498 dicte
783 2439 919 2498 civitatis
951 2459 967 2498 a
1002 2453 1090 2519 parte
1123 2439 1313 2499 occidentali
1341 2440 1422 2500 inter
1446 2441 1531 2502 viam

266 2564 472 2605 communem
499 2565 556 2604 nec
582 2564 645 2603 non
672 2545 753 2603 inter
787 2544 902 2604 fluvios
926 2565 942 2603 a
969 2559 1056 2625 parte
1091 2545 1344 2625 septemtrionali
1369 2559 1398 2607 et
1423 2547 1533 2607 orien-

265 2651 319 2710 tali
355 2651 610 2731 ls'alvnonvcza,
642 2671 659 2709 a
692 2665 779 2729 parte
813 2670 888 2710 vero
921 2650 1123 2710 meridionali
1164 2651 1281 2711 fluvius
1311 2651 1532 2735 Zerkechycza

266 2757 379 2834 dictus,
406 2756 511 2817 habita
537 2772 567 2817 et
592 2758 756 2830 existente,
789 2757 911 2816 dudum
945 2756 1091 2816 conlecta
1117 2772 1147 2817 et
1180 2774 1337 2835 emanata,
1362 2759 1533 2823 casualiter

267 2865 306 2923 ab
340 2886 378 2923 eo
411 2864 575 2942 deperdita
603 2878 632 2922 et
664 2864 777 2923 amissa
812 2864 974 2939 extitisset,
1007 2878 1037 2923 et
1070 2865 1145 2942 quia
1178 2864 1291 2924 eadem
1318 2865 1407 2924 litera
1432 2865 1533 2947 ipsius

268 2971 377 3030 iacobi
407 2971 519 3030 literati
547 2970 755 3049 privilegialis
780 2989 875 3049 snper
900 2970 1011 3029 eadent
1046 2984 1128 3029 terra
1153 2990 1208 3029 sua
1239 2970 1360 3030 dudum
1387 2970 1532 3033 confecta

267 3094 296 3138 et
322 3093 467 3136 etnanata
495 3096 551 3156 pro
578 3093 664 3157 parte
690 3077 735 3135 sui
764 3093 795 3135 ut
826 3075 992 3155 prel'ettur,
1025 3078 1063 3135 ad
1090 3077 1204 3136 trinam
1231 3075 1390 3137 forensem
1417 3092 1446 3138 et
1471 3098 1531 3160 pu-

268 3185 381 3243 blicant
409 3183 700 3263 proclamacionem
726 3203 779 3261 per
806 3203 863 3241 nos
888 3204 923 3241 es
951 3183 1078 3242 instanti
1111 3183 1209 3262 ipsius
1234 3184 1342 3242 lacnbi
1369 3183 1531 3264 peticione

266 3314 321 3374 per
346 3314 417 3352 eunt
438 3294 531 3352 ttcibis
556 3292 727 3372 superinde
752 3313 808 3371 per
833 3312 986 3371 precones
1004 3307 1129 3351 nostrus
1146 3311 1334 3351 communes
1360 3291 1425 3352 lieri
1444 3312 1533 3352 cum-

267 3401 394 3459 missutn
422 3414 451 3459 et
478 3400 683 3479 completam,
709 3398 822 3457 nullibi
850 3398 984 3456 inveniri
1023 3398 1136 3477 putuit,
1163 3412 1191 3457 et
1217 3398 1258 3455 ob
1285 3398 1344 3457 linc
1371 3397 1454 3457 idem
1481 3399 1531 3458 ,lu-

268 3509 366 3566 cobus
392 3508 535 3565 literatus
560 3526 617 3564 nos
651 3505 813 3564 humiliter
842 3520 870 3563 et
905 3504 1130 3563 instantissime
1164 3524 1321 3584 supereo
1347 3504 1532 3584 postulavit,

267 3630 299 3673 ut
326 3634 383 3672 nos
409 3614 543 3672 eandem
570 3628 683 3671 terrant
710 3632 798 3670 surim
827 3612 856 3670 in
880 3611 1095 3670 vicinitatibus
1112 3611 1300 3690 supradictis
1325 3611 1477 3687 habitam,
1497 3612 1528 3672 in

266 3721 355 3780 cuins
381 3736 461 3779 terre
480 3719 626 3778 dominio
653 3718 791 3798 prelatus
809 3716 946 3777 condant
966 3718 1075 3777 l'etrns
1101 3718 1242 3776 literatus
1268 3732 1297 3777 et
1323 3734 1433 3798 expost
1459 3737 1530 3800 pre·

244 3828 349 3891 ⁸latus
374 3827 511 3885 ,lacobus
535 3847 551 3885 a
578 3826 632 3884 diu
659 3826 834 3905 retrolapso
860 3839 1013 3904 ternpore,
1040 3844 1104 3903 qno
1138 3843 1207 3882 eant
1234 3823 1362 3903 pacilice
1388 3824 1532 3904 possedit

266 3950 295 3993 et
321 3933 493 4013 permansit
513 3932 640 3990 nemine
659 3931 786 4011 penitus
804 3930 1052 4003 contradicente,
1071 3930 1170 3989 literis
1188 3930 1302 3988 tinstris
1326 3931 1417 3989 novis
1435 3931 1531 4011 privi-

267 4039 435 4119 legialibus
461 4036 623 4097 nutilicare
642 4052 669 4095 et
690 4056 878 4095 conservare
897 4035 1102 4113 dignarentur
1118 4052 1273 4115 perpetuu
1291 4036 1531 4116 possidendam,

266 4160 293 4204 et
321 4144 394 4204 ideo
421 4163 477 4203 nos
503 4144 718 4223 peticionibus
743 4143 885 4202 eiusdem
913 4142 1021 4201 lacobi
1058 4142 1170 4201 literati
1197 4158 1359 4222 tanlquam
1388 4143 1476 4217 justis
1500 4157 1530 4203 et

267 4250 484 4319 inrccnnsonis
517 4250 612 4327 digne
646 4248 802 4309 exauditis
837 4264 864 4307 ct
898 4248 1055 4322 admissis,
1092 4250 1265 4327 predictam
1299 4264 1414 4310 terram
1441 4268 1530 4309 suam

266 4376 336 4416 curn
363 4356 513 4415 ommbns
538 4356 602 4414 suis
626 4355 816 4414 utilitatibus
841 4354 946 4413 eidem
977 4354 1097 4411 lacnbo
1123 4356 1278 4434 premisso
1304 4354 1370 4427 inre
1396 4356 1455 4414 sibi
1483 4356 1529 4415 in·

265 4465 436 4523 cumbente
462 4483 496 4522 ac
523 4482 577 4541 per
610 4481 682 4521 euni
708 4462 773 4520 suis
806 4461 977 4521 heredibus
1011 4460 1111 4519 literis
1145 4462 1260 4520 nostris
1285 4462 1377 4522 novis
1402 4462 1530 4542 privile·

264 4572 402 4651 gialibtts
427 4570 654 4630 conlirmanttts
680 4568 745 4638 jure
772 4583 925 4647 perpetuo
960 4582 988 4628 et
1015 4568 1265 4629 irrevocabiliter
1291 4568 1530 4650 possidendam,

266 4677 439 4737 tenendam
466 4677 581 4756 pariter
606 4690 636 4736 et
662 4673 852 4735 habendam.

372 4782 448 4845 ltetu
474 4801 600 4845 causant
634 4782 715 4843 inter
741 4779 1013 4863 Clrntltkoyczant
1045 4792 1074 4841 et
1100 4779 1313 4857 Clementem,
1348 4795 1381 4842 ut
1405 4793 1532 4841 actores
