3488 5272
282 319 346 381 214
656 302 742 360 Anno
764 298 856 378 1461.
882 333 922 343 —
947 314 975 359 1.
998 299 1159 360 decembres.

388 513 464 574 ltem
490 513 612 594 Ztoyka
637 512 746 572 relicta
771 509 850 571 fassa
880 508 950 587 fuit,
983 509 1071 591 quod
1096 529 1161 570 non
1189 510 1320 571 vidisset
1344 510 1473 572 easdem
1499 511 1546 571 in·

281 634 399 681 trantes
424 619 462 679 ad
496 618 629 679 domum
654 617 778 678 domini
813 616 968 694 Barnabe,
998 616 1053 676 sed
1088 615 1262 676 audivisset
1286 636 1303 676 a
1328 617 1411 677 Nesa
1436 636 1546 678 sorore

283 725 407 787 domini
434 726 590 802 Barnabe,
607 724 695 805 quod
722 723 788 804 ipsa
806 723 934 784 easdem
959 722 1117 804 usquead
1136 723 1271 784 domum
1296 743 1417 785 earum.
1435 726 1544 802 (deest).

390 832 466 893 ltem
486 829 605 913 prefata
624 832 706 891 Nesa
724 828 849 908 fatetur,
867 829 954 911 quod
973 829 1094 890 ibidem
1108 828 1167 890 fuit
1185 829 1215 891 in
1231 831 1394 911 presencia
1412 831 1546 912 quando

283 938 452 1001 licenciam
477 950 629 1017 ceperunt
653 936 736 997 dicte
761 936 868 1017 puelle
892 950 922 997 et
940 935 1068 996 easdem
1094 935 1263 997 associavit
1287 956 1389 1017 usque
1414 950 1546 1018 pontem

283 1046 401 1129 Pyzani
427 1043 547 1106 mozth.

390 1151 467 1213 Item
494 1149 655 1211 Jobannes
673 1148 829 1230 Hwalych
855 1148 934 1210 dixit
957 1168 989 1208 se
1008 1146 1106 1209 nichil
1130 1147 1210 1209 scire
1228 1146 1311 1209 facto
1329 1150 1360 1210 in
1379 1151 1545 1231 premisso.

389 1258 465 1318 ltem
493 1256 616 1317 Blasiua
640 1254 735 1334 judex
765 1255 908 1335 Capituli
942 1254 1074 1315 ecclesie
1107 1254 1325 1334 zagrabiensis
1358 1254 1459 1316 fassus
1490 1270 1547 1335 est,

283 1364 371 1445 quod
397 1362 496 1424 nichil
520 1361 693 1423 audivisset
717 1380 734 1420 a
759 1359 948 1421 Thomaslco
974 1360 1003 1419 in
1030 1359 1113 1420 facto
1138 1360 1304 1440 premisso,
1328 1362 1383 1422 sed
1409 1364 1449 1423 ab
1474 1363 1546 1424 aliis

284 1470 467 1547 audivisset,
484 1468 571 1549 quod
589 1467 748 1550 dyabolus
765 1467 889 1547 aliquas
906 1466 1029 1547 puellas
1047 1486 1063 1526 e
1080 1466 1189 1527 medio
1204 1466 1347 1548 ipsorum
1365 1469 1546 1551 recepisset.

390 1577 466 1637 ltem
499 1574 591 1654 jurati
624 1573 888 1652 adjudicaverunt
921 1592 1047 1633 causam
1080 1573 1162 1633 inter
1192 1572 1363 1634 Nicolaum
1396 1594 1545 1655 pancera·

284 1684 366 1744 rium
393 1696 423 1744 et
448 1683 529 1741 inter
553 1681 715 1740 Andream
741 1680 825 1740 Sitar
842 1679 974 1757 dictam,
1000 1679 1031 1739 in
1058 1698 1107 1755 eo,
1132 1679 1206 1758 quia
1225 1678 1309 1759 juxta
1335 1680 1442 1742 literas
1459 1700 1545 1742 com-

283 1789 447 1850 munitatis
472 1788 511 1848 de
537 1786 683 1847 liublana
712 1787 780 1867 ipse
814 1786 959 1846 Andreas
991 1784 1143 1846 remansit
1168 1785 1199 1845 in
1232 1786 1384 1847 omnibus
1408 1788 1466 1869 ipsi
1492 1787 1546 1848 Ni-

284 1895 376 1955 colao
400 1894 528 1954 racione
546 1892 782 1973 deperdicionis
803 1892 918 1952 domus
936 1892 1044 1952 uxoris
1068 1911 1124 1952 sue
1149 1903 1179 1951 et
1204 1891 1235 1951 in
1254 1893 1400 1973 expensis
1425 1893 1456 1954 in
1474 1913 1545 1976 pro-

283 2000 452 2063 secucione
477 2018 569 2059 cause
599 1998 700 2061 lactis.

390 2106 465 2166 ltem
492 2105 584 2185 jurati
611 2103 875 2182 adjudicaverunt
900 2125 1027 2166 causam
1055 2106 1137 2168 f'etri
1162 2106 1218 2168 filii
1245 2107 1409 2169 Benedicti
1435 2107 1546 2167 Portu·

285 2213 361 2289 lani,
387 2226 417 2272 et
442 2212 507 2293 ipse
532 2211 635 2290 jurare
667 2210 827 2270 tenebitur
860 2211 1026 2290 solusmct,
1059 2213 1147 2293 quod
1173 2214 1239 2296 ipse
1272 2213 1302 2274 in
1329 2214 1433 2274 bobus
1457 2214 1546 2275 Pauli

285 2317 458 2399 lagathycb
485 2317 641 2377 innocens
665 2329 757 2392 esset,
783 2331 812 2376 et
847 2317 934 2396 quod
959 2318 1094 2399 predicti
1128 2321 1227 2381 boves
1251 2340 1307 2402 per
1330 2339 1420 2381 suam
1446 2320 1545 2401 negli-

281 2426 429 2505 genciam
457 2438 487 2485 et
505 2424 660 2484 incuriam
687 2422 804 2484 mortui
824 2421 975 2500 fuissent;
1002 2439 1031 2485 et
1049 2424 1109 2486 hoc
1130 2424 1207 2487 feria
1232 2441 1318 2488 sexta
1343 2440 1414 2508 post
1431 2425 1545 2487 festum

284 2531 546 2612 Epiphaniarum.

389 2636 466 2697 ltem
493 2634 585 2713 jurati
611 2634 877 2713 adjudicaverunt
909 2656 1037 2696 causam
1064 2635 1221 2698 francisci
1247 2638 1363 2699 sutoris
1387 2651 1418 2699 et
1445 2639 1545 2699 Rene·

283 2744 357 2805 dicti
383 2742 534 2803 aurifabri
560 2741 687 2803 racione
713 2742 948 2803 verberacionis
979 2743 1067 2823 quod
1099 2745 1292 2805 sustinerant
1317 2745 1443 2825 utrique
1468 2745 1545 2825 quid

283 2849 365 2929 passi
391 2863 473 2909 sunt.

389 2956 464 3015 ltem
485 2955 576 3031 jurati
599 2955 862 3033 adjudicaverunt
880 2976 1007 3016 cattsam
1027 2957 1107 3017 inter
1122 2958 1329 3018 benedictum
1349 2958 1544 3020 aurifabrum

283 3062 410 3121 racione
436 3062 526 3122 vinee
561 3062 697 3121 llmeriei
733 3062 872 3141 agricole
896 3076 925 3123 et
951 3063 1079 3123 vendite
1113 3083 1167 3144 per
1194 3065 1296 3143 ipsum
1325 3065 1545 3142 Benedictum,

283 3168 369 3248 quod
396 3167 536 3248 prefatus
563 3168 753 3229 Benedictus
778 3167 938 3228 aurifaber
962 3168 1064 3247 jurare
1088 3170 1248 3230 tenebitur
1272 3171 1425 3232 solusmet
1445 3172 1475 3230 in
1493 3191 1545 3231 ara

282 3289 388 3334 sancte
407 3275 519 3334 Crucis
544 3273 619 3334 feria
637 3290 722 3334 sexta
746 3287 816 3354 post
834 3275 1084 3354 Epiphaniarum
1113 3276 1254 3352 Domini,
1273 3277 1360 3356 quod
1381 3278 1445 3357 ipse
1465 3296 1544 3336 nun·

282 3400 378 3460 quam
396 3381 506 3460 petivit
519 3381 577 3439 sibi
597 3381 670 3441 dare
685 3381 784 3441 literis
801 3401 817 3439 a
833 3380 936 3453 iudice
955 3402 1122 3461 quousque
1149 3383 1214 3463 ipse
1233 3383 1373 3463 plenarie
1394 3383 1545 3444 satisfecit

284 3485 388 3545 cidem
415 3501 507 3566 prout
526 3487 701 3545 convencio
732 3487 812 3546 inter
838 3487 923 3565 ipsos
949 3485 1028 3547 facta
1052 3486 1110 3546 fuit
1127 3489 1254 3548 racione
1280 3492 1372 3549 vinee
1391 3489 1541 3570 predicte.

389 3610 464 3669 ltem
490 3609 580 3688 jurati
607 3611 870 3689 adjudicaverunt
906 3610 1021 3671 factum
1050 3612 1196 3691 Gregorii
1233 3614 1378 3694 Brudvcli
1414 3615 1540 3675 racione

285 3714 545 3775 blasfemucionis
563 3717 624 3791 dei,
651 3717 740 3776 beate
760 3717 901 3796 virginis,
920 3718 1007 3797 quod
1034 3719 1098 3799 ipse
1119 3719 1212 3779 debet
1231 3720 1298 3779 cedi
1327 3720 1422 3799 virgis
1441 3721 1545 3781 nudus

284 3822 314 3882 in
342 3823 479 3881 recinctu
505 3823 636 3884 ecclesie
661 3824 758 3883 salicti
780 3824 875 3883 Marci
902 3844 1008 3884 coram
1031 3826 1141 3905 populi
1168 3826 1373 3886 multitudine
1400 3843 1428 3886 et
1454 3827 1540 3908 quod

282 3928 390 4008 lingua
417 3929 484 3988 cius
509 3929 603 3989 debet
628 3929 741 4004 excidi,
771 3930 900 4009 presidi,
926 3945 955 3990 et
982 3931 1011 3990 in
1036 3951 1127 3991 curro
1161 3933 1198 3991 de
1225 3934 1383 3993 territorio
1409 3935 1544 3994 civitatis

281 4033 394 4093 deduci
421 4047 451 4094 et
476 4035 583 4094 omnia
611 4036 694 4095 bona
720 4036 787 4094 eius
812 4036 851 4095 ad
877 4056 969 4096 usum
1003 4038 1138 4097 civitatis
1163 4040 1323 4118 occupari.

387 4140 464 4200 ltem
483 4140 574 4217 jurati
601 4141 866 4219 adjudicaverunt
892 4142 972 4201 inter
990 4143 1162 4203 Matrinum
1183 4144 1319 4216 iudicem
1346 4160 1374 4205 et
1403 4146 1541 4205 lllasium

283 4245 425 4306 villicum
452 4246 490 4305 de
518 4247 670 4323 rlbbacia,
696 4247 783 4327 quod
810 4247 875 4327 ipse
902 4248 1026 4307 blasius
1055 4248 1156 4323 iurare
1181 4265 1307 4310 tenetur
1331 4252 1484 4312 solusmet
1511 4253 1541 4311 in

280 4371 331 4411 ara
358 4366 464 4413 sancte
482 4353 595 4414 Crucis
619 4352 695 4412 feria
720 4368 805 4414 sexta
832 4367 901 4434 post
920 4355 1172 4436 Epiphaniarum
1201 4358 1343 4433 Domini,
1369 4359 1455 4439 quod
1475 4359 1540 4437 ipse

281 4457 450 4518 maccellas
475 4478 539 4518 non
564 4460 776 4539 appreciasset
802 4479 859 4520 nec
885 4480 1012 4540 pascua.

386 4563 461 4624 ltem
487 4564 632 4626 Andreas
656 4565 787 4645 quidam
816 4566 939 4626 advena
965 4568 1091 4628 racione
1125 4571 1320 4649 receptionis
1346 4572 1539 4650 quatuorde-

279 4667 339 4728 cim
365 4688 589 4748 grossoruma
625 4671 744 4731 lacobo
769 4671 1018 4754 Wyntheychyn
1053 4688 1084 4735 et
1116 4674 1184 4735 eius
1208 4677 1452 4753 verberacionis,
1485 4678 1540 4758 qui

279 4775 445 4837 convictus
469 4791 515 4839 est
540 4777 570 4836 in
596 4776 679 4839 facto
704 4779 849 4858 potencie
882 4794 991 4841 contra
1024 4780 1128 4863 ipsum
1154 4781 1308 4842 lacobnm
1335 4783 1483 4845 videlicet
1510 4784 1541 4845 in
