<?xml version="1.0" encoding="UTF-8"?>
<!DOCTYPE html PUBLIC "-//W3C//DTD XHTML 1.0 Transitional//EN"
    "http://www.w3.org/TR/xhtml1/DTD/xhtml1-transitional.dtd">
<html xmlns="http://www.w3.org/1999/xhtml" xml:lang="en" lang="en">
 <head>
  <title>
</title>
<meta http-equiv="Content-Type" content="text/html;charset=utf-8" />
  <meta name='ocr-system' content='tesseract 3.04.00' />
  <meta name='ocr-capabilities' content='ocr_page ocr_carea ocr_par ocr_line ocrx_word'/>
</head>
<body>
  <div class='ocr_page' id='page_1' title='image "./monumentahistor07laszgoog_0067.png"; bbox 0 0 3488 5272; ppageno 0'>
   <div class='ocr_carea' id='block_1_1' title="bbox 611 332 1148 410">
    <p class='ocr_par' dir='ltr' id='par_1_1' title="bbox 611 332 1148 410">
     <span class='ocr_line' id='line_1_1' title="bbox 611 332 1148 410; baseline 0.004 -20"><span class='ocrx_word' id='word_1_1' title='bbox 611 334 697 390; x_wconf 81' lang='lat' dir='ltr'>Anno</span> <span class='ocrx_word' id='word_1_2' title='bbox 720 345 812 410; x_wconf 66' lang='lat'><em>1450.</em></span> <span class='ocrx_word' id='word_1_3' title='bbox 836 366 880 377; x_wconf 90' lang='lat'>—</span> <span class='ocrx_word' id='word_1_4' title='bbox 903 346 955 391; x_wconf 85' lang='lat'>20.</span> <span class='ocrx_word' id='word_1_5' title='bbox 979 332 1148 392; x_wconf 81' lang='lat' dir='ltr'><em>novembris.</em></span> 
     </span>
    </p>
   </div>
   <div class='ocr_carea' id='block_1_2' title="bbox 304 551 1459 786">
    <p class='ocr_par' dir='ltr' id='par_1_2' title="bbox 304 551 1459 786">
     <span class='ocr_line' id='line_1_2' title="bbox 304 551 1459 643; baseline 0 -19"><span class='ocrx_word' id='word_1_6' title='bbox 304 552 400 624; x_wconf 78' lang='lat' dir='ltr'>feria</span> <span class='ocrx_word' id='word_1_7' title='bbox 430 562 531 626; x_wconf 82' lang='lat' dir='ltr'>serta</span> <span class='ocrx_word' id='word_1_8' title='bbox 559 555 714 643; x_wconf 83' lang='lat' dir='ltr'>proxima</span> <span class='ocrx_word' id='word_1_9' title='bbox 744 564 819 642; x_wconf 90' lang='lat' dir='ltr'>post</span> <span class='ocrx_word' id='word_1_10' title='bbox 853 552 975 623; x_wconf 87' lang='lat' dir='ltr'>festum</span> <span class='ocrx_word' id='word_1_11' title='bbox 1014 554 1110 623; x_wconf 86' lang='lat' dir='ltr'>beate</span> <span class='ocrx_word' id='word_1_12' title='bbox 1139 551 1320 641; x_wconf 78' lang='lat' dir='ltr'>Elyzabeth</span> <span class='ocrx_word' id='word_1_13' title='bbox 1349 553 1459 625; x_wconf 87' lang='lat' dir='ltr'>vidue.</span> 
     </span>
     <span class='ocr_line' id='line_1_3' title="bbox 741 703 1020 786; baseline 0.014 -23"><span class='ocrx_word' id='word_1_14' title='bbox 741 703 808 784; x_wconf 89' lang='lat'>(20.</span> <span class='ocrx_word' id='word_1_15' title='bbox 832 704 1020 786; x_wconf 81' lang='lat' dir='ltr'><em>novembris).</em></span> 
     </span>
    </p>
   </div>
   <div class='ocr_carea' id='block_1_3' title="bbox 164 847 1519 4851">
    <p class='ocr_par' dir='ltr' id='par_1_3' title="bbox 250 847 1514 1037">
     <span class='ocr_line' id='line_1_4' title="bbox 356 847 1514 931; baseline 0 -21"><span class='ocrx_word' id='word_1_16' title='bbox 356 849 433 911; x_wconf 90' lang='lat' dir='ltr'>ltem</span> <span class='ocrx_word' id='word_1_17' title='bbox 463 849 609 931; x_wconf 86' lang='lat' dir='ltr'>Mathyas</span> <span class='ocrx_word' id='word_1_18' title='bbox 640 868 739 930; x_wconf 87' lang='lat' dir='ltr'>gener</span> <span class='ocrx_word' id='word_1_19' title='bbox 770 847 921 930; x_wconf 91' lang='lat' dir='ltr'>Puchych</span> <span class='ocrx_word' id='word_1_20' title='bbox 954 861 1063 910; x_wconf 91' lang='lat' dir='ltr'>contra</span> <span class='ocrx_word' id='word_1_21' title='bbox 1088 848 1237 910; x_wconf 88' lang='lat' dir='ltr'>Vrsularn</span> <span class='ocrx_word' id='word_1_22' title='bbox 1269 848 1376 931; x_wconf 80' lang='lat' dir='ltr'>lyram</span> <span class='ocrx_word' id='word_1_23' title='bbox 1409 849 1514 931; x_wconf 88' lang='lat' dir='ltr'>primo</span> 
     </span>
     <span class='ocr_line' id='line_1_5' title="bbox 250 955 666 1037; baseline -0.002 -19"><span class='ocrx_word' id='word_1_24' title='bbox 250 958 363 1019; x_wconf 91' lang='lat' dir='ltr'>citatus</span> <span class='ocrx_word' id='word_1_25' title='bbox 388 974 451 1017; x_wconf 92' lang='lat' dir='ltr'>non</span> <span class='ocrx_word' id='word_1_26' title='bbox 477 955 666 1037; x_wconf 85' lang='lat' dir='ltr'><strong>comparuit.</strong></span> 
     </span>
    </p>

    <p class='ocr_par' dir='ltr' id='par_1_4' title="bbox 164 1059 1515 1250">
     <span class='ocr_line' id='line_1_6' title="bbox 355 1059 1515 1144; baseline 0 -21"><span class='ocrx_word' id='word_1_27' title='bbox 355 1061 431 1123; x_wconf 92' lang='lat' dir='ltr'>ltem</span> <span class='ocrx_word' id='word_1_28' title='bbox 457 1060 624 1143; x_wconf 84' lang='lat' dir='ltr'>Philippus</span> <span class='ocrx_word' id='word_1_29' title='bbox 656 1075 745 1122; x_wconf 89' lang='lat' dir='ltr'>sutor</span> <span class='ocrx_word' id='word_1_30' title='bbox 777 1075 887 1122; x_wconf 90' lang='lat' dir='ltr'>contra</span> <span class='ocrx_word' id='word_1_31' title='bbox 913 1059 1090 1140; x_wconf 84' lang='lat' dir='ltr'>Georgium</span> <span class='ocrx_word' id='word_1_32' title='bbox 1124 1061 1274 1144; x_wconf 81' lang='lat' dir='ltr'>Eosnyak</span> <span class='ocrx_word' id='word_1_33' title='bbox 1298 1061 1441 1122; x_wconf 91' lang='lat' dir='ltr'>secundo</span> <span class='ocrx_word' id='word_1_34' title='bbox 1472 1059 1515 1123; x_wconf 92' lang='lat' dir='ltr'>ci·</span> 
     </span>
     <span class='ocr_line' id='line_1_7' title="bbox 164 1167 635 1250; baseline -0.006 -19"><span class='ocrx_word' id='word_1_35' title='bbox 164 1237 167 1242; x_wconf 60' lang='grc'><em>,</em></span> <span class='ocrx_word' id='word_1_36' title='bbox 248 1183 331 1231; x_wconf 91' lang='lat' dir='ltr'>tatus</span> <span class='ocrx_word' id='word_1_37' title='bbox 355 1188 420 1230; x_wconf 92' lang='lat' dir='ltr'>non</span> <span class='ocrx_word' id='word_1_38' title='bbox 445 1167 635 1250; x_wconf 83' lang='lat' dir='ltr'>comparuit.</span> 
     </span>
    </p>

    <p class='ocr_par' dir='ltr' id='par_1_5' title="bbox 248 1271 1514 1460">
     <span class='ocr_line' id='line_1_8' title="bbox 354 1271 1514 1356; baseline -0.001 -21"><span class='ocrx_word' id='word_1_39' title='bbox 354 1274 430 1336; x_wconf 90' lang='lat' dir='ltr'>ltem</span> <span class='ocrx_word' id='word_1_40' title='bbox 457 1274 582 1335; x_wconf 87' lang='lat' dir='ltr'>Marcus</span> <span class='ocrx_word' id='word_1_41' title='bbox 606 1271 745 1334; x_wconf 81' lang='lat' dir='ltr'>carnifex</span> <span class='ocrx_word' id='word_1_42' title='bbox 767 1271 852 1334; x_wconf 86' lang='lat' dir='ltr'>lilius</span> <span class='ocrx_word' id='word_1_43' title='bbox 870 1272 1002 1356; x_wconf 89' lang='lat' dir='ltr'>Gyurak</span> <span class='ocrx_word' id='word_1_44' title='bbox 1027 1271 1183 1334; x_wconf 85' lang='lat' dir='ltr'>carnificis</span> <span class='ocrx_word' id='word_1_45' title='bbox 1200 1287 1309 1334; x_wconf 89' lang='lat' dir='ltr'>contra</span> <span class='ocrx_word' id='word_1_46' title='bbox 1335 1272 1514 1355; x_wconf 83' lang='lat' dir='ltr'>Symonem</span> 
     </span>
     <span class='ocr_line' id='line_1_9' title="bbox 248 1379 1160 1460; baseline -0.001 -18"><span class='ocrx_word' id='word_1_47' title='bbox 248 1382 288 1444; x_wconf 93' lang='lat' dir='ltr'>de</span> <span class='ocrx_word' id='word_1_48' title='bbox 313 1381 551 1444; x_wconf 90' lang='lat' dir='ltr'>Chernomercz</span> <span class='ocrx_word' id='word_1_49' title='bbox 576 1380 718 1441; x_wconf 90' lang='lat' dir='ltr'>secundo</span> <span class='ocrx_word' id='word_1_50' title='bbox 743 1380 856 1441; x_wconf 88' lang='lat' dir='ltr'>citatus</span> <span class='ocrx_word' id='word_1_51' title='bbox 881 1399 945 1441; x_wconf 89' lang='lat' dir='ltr'>non</span> <span class='ocrx_word' id='word_1_52' title='bbox 971 1379 1160 1460; x_wconf 85' lang='lat' dir='ltr'>comparuit.</span> 
     </span>
    </p>

    <p class='ocr_par' dir='ltr' id='par_1_6' title="bbox 248 1484 1515 2309">
     <span class='ocr_line' id='line_1_10' title="bbox 355 1484 1512 1568; baseline 0.001 -21"><span class='ocrx_word' id='word_1_53' title='bbox 355 1487 431 1548; x_wconf 89' lang='lat' dir='ltr'>ltem</span> <span class='ocrx_word' id='word_1_54' title='bbox 456 1486 631 1568; x_wconf 86' lang='lat' dir='ltr'>Dyonisius</span> <span class='ocrx_word' id='word_1_55' title='bbox 656 1484 796 1568; x_wconf 87' lang='lat' dir='ltr'>frenipar</span> <span class='ocrx_word' id='word_1_56' title='bbox 813 1506 869 1567; x_wconf 90' lang='lat' dir='ltr'>per</span> <span class='ocrx_word' id='word_1_57' title='bbox 893 1485 1172 1564; x_wconf 88' lang='lat' dir='ltr'>adjudicacionem</span> <span class='ocrx_word' id='word_1_58' title='bbox 1195 1485 1371 1565; x_wconf 89' lang='lat' dir='ltr'>juratorum</span> <span class='ocrx_word' id='word_1_59' title='bbox 1397 1499 1512 1548; x_wconf 88' lang='lat' dir='ltr'>octavo</span> 
     </span>
     <span class='ocr_line' id='line_1_11' title="bbox 249 1591 1512 1673; baseline 0 -19"><span class='ocrx_word' id='word_1_60' title='bbox 249 1593 299 1654; x_wconf 91' lang='lat' dir='ltr'>die</span> <span class='ocrx_word' id='word_1_61' title='bbox 324 1593 419 1655; x_wconf 91' lang='lat' dir='ltr'>debet</span> <span class='ocrx_word' id='word_1_62' title='bbox 444 1592 548 1673; x_wconf 80' lang='lat' dir='ltr'>jurare</span> <span class='ocrx_word' id='word_1_63' title='bbox 564 1611 660 1673; x_wconf 90' lang='lat' dir='ltr'>super</span> <span class='ocrx_word' id='word_1_64' title='bbox 684 1612 770 1652; x_wconf 88' lang='lat' dir='ltr'>aram</span> <span class='ocrx_word' id='word_1_65' title='bbox 788 1592 971 1654; x_wconf 82' lang='lat' dir='ltr'>terciusnret</span> <span class='ocrx_word' id='word_1_66' title='bbox 989 1610 1084 1673; x_wconf 91' lang='lat' dir='ltr'>super</span> <span class='ocrx_word' id='word_1_67' title='bbox 1105 1611 1145 1653; x_wconf 88' lang='lat' dir='ltr'>eo</span> <span class='ocrx_word' id='word_1_68' title='bbox 1163 1591 1257 1653; x_wconf 91' lang='lat' dir='ltr'>debet</span> <span class='ocrx_word' id='word_1_69' title='bbox 1282 1591 1385 1670; x_wconf 88' lang='lat' dir='ltr'>jurare</span> <span class='ocrx_word' id='word_1_70' title='bbox 1402 1607 1512 1655; x_wconf 88' lang='lat' dir='ltr'>contra</span> 
     </span>
     <span class='ocr_line' id='line_1_12' title="bbox 249 1697 1513 1781; baseline 0.001 -21"><span class='ocrx_word' id='word_1_71' title='bbox 249 1700 439 1761; x_wconf 89' lang='lat' dir='ltr'>hlichaelem</span> <span class='ocrx_word' id='word_1_72' title='bbox 466 1698 659 1779; x_wconf 89' lang='lat' dir='ltr'>selliparem,</span> <span class='ocrx_word' id='word_1_73' title='bbox 685 1713 718 1758; x_wconf 88' lang='lat' dir='ltr'>ut</span> <span class='ocrx_word' id='word_1_74' title='bbox 743 1699 808 1779; x_wconf 90' lang='lat' dir='ltr'>ipse</span> <span class='ocrx_word' id='word_1_75' title='bbox 833 1698 947 1759; x_wconf 85' lang='lat' dir='ltr'><strong>anulos</strong></span> <span class='ocrx_word' id='word_1_76' title='bbox 970 1713 1032 1759; x_wconf 91' lang='lat' dir='ltr'>tres</span> <span class='ocrx_word' id='word_1_77' title='bbox 1057 1713 1088 1757; x_wconf 91' lang='lat' dir='ltr'>et</span> <span class='ocrx_word' id='word_1_78' title='bbox 1112 1697 1250 1759; x_wconf 88' lang='lat' dir='ltr'>nodulos</span> <span class='ocrx_word' id='word_1_79' title='bbox 1273 1712 1442 1779; x_wconf 85' lang='lat' dir='ltr'>argenteos</span> <span class='ocrx_word' id='word_1_80' title='bbox 1465 1699 1513 1781; x_wconf 91' lang='lat' dir='ltr'>ip·</span> 
     </span>
     <span class='ocr_line' id='line_1_13' title="bbox 249 1803 1514 1885; baseline 0 -19"><span class='ocrx_word' id='word_1_81' title='bbox 249 1806 313 1866; x_wconf 91' lang='lat' dir='ltr'>sius</span> <span class='ocrx_word' id='word_1_82' title='bbox 338 1803 503 1866; x_wconf 83' lang='lat' dir='ltr'>Michaelis</span> <span class='ocrx_word' id='word_1_83' title='bbox 527 1804 684 1865; x_wconf 90' lang='lat' dir='ltr'>sellatoris</span> <span class='ocrx_word' id='word_1_84' title='bbox 708 1824 763 1864; x_wconf 90' lang='lat' dir='ltr'>seu</span> <span class='ocrx_word' id='word_1_85' title='bbox 788 1804 945 1885; x_wconf 88' lang='lat' dir='ltr'>selliparis</span> <span class='ocrx_word' id='word_1_86' title='bbox 970 1824 1034 1864; x_wconf 92' lang='lat' dir='ltr'>non</span> <span class='ocrx_word' id='word_1_87' title='bbox 1065 1803 1288 1879; x_wconf 80' lang='lat' dir='ltr'>subtraxisset3</span> <span class='ocrx_word' id='word_1_88' title='bbox 1314 1805 1381 1885; x_wconf 89' lang='lat' dir='ltr'>ipse</span> <span class='ocrx_word' id='word_1_89' title='bbox 1407 1818 1514 1866; x_wconf 86' lang='lat' dir='ltr'>autem</span> 
     </span>
     <span class='ocr_line' id='line_1_14' title="bbox 250 1910 1513 1992; baseline 0.001 -19"><span class='ocrx_word' id='word_1_90' title='bbox 250 1911 387 1973; x_wconf 89' lang='lat' dir='ltr'>Michael</span> <span class='ocrx_word' id='word_1_91' title='bbox 411 1910 540 1992; x_wconf 87' lang='lat' dir='ltr'>sellipar</span> <span class='ocrx_word' id='word_1_92' title='bbox 558 1911 653 1971; x_wconf 91' lang='lat' dir='ltr'>debet</span> <span class='ocrx_word' id='word_1_93' title='bbox 677 1910 781 1988; x_wconf 88' lang='lat' dir='ltr'>jurare</span> <span class='ocrx_word' id='word_1_94' title='bbox 799 1910 961 1970; x_wconf 91' lang='lat' dir='ltr'>solitarius</span> <span class='ocrx_word' id='word_1_95' title='bbox 986 1930 1081 1991; x_wconf 86' lang='lat' dir='ltr'>super</span> <span class='ocrx_word' id='word_1_96' title='bbox 1106 1910 1248 1991; x_wconf 90' lang='lat' dir='ltr'>dampno</span> <span class='ocrx_word' id='word_1_97' title='bbox 1273 1929 1332 1972; x_wconf 89' lang='lat' dir='ltr'>suo</span> <span class='ocrx_word' id='word_1_98' title='bbox 1356 1925 1513 1991; x_wconf 88' lang='lat' dir='ltr'>quantum</span> 
     </span>
     <span class='ocr_line' id='line_1_15' title="bbox 248 2015 1515 2101; baseline 0 -21"><span class='ocrx_word' id='word_1_99' title='bbox 248 2019 315 2101; x_wconf 90' lang='lat' dir='ltr'>ipse</span> <span class='ocrx_word' id='word_1_100' title='bbox 341 2017 514 2100; x_wconf 87' lang='lat' dir='ltr'>Dyonisius</span> <span class='ocrx_word' id='word_1_101' title='bbox 540 2016 679 2097; x_wconf 89' lang='lat' dir='ltr'>frenipar</span> <span class='ocrx_word' id='word_1_102' title='bbox 705 2017 734 2075; x_wconf 91' lang='lat' dir='ltr'>in</span> <span class='ocrx_word' id='word_1_103' title='bbox 762 2016 912 2097; x_wconf 83' lang='lat' dir='ltr'>predictis</span> <span class='ocrx_word' id='word_1_104' title='bbox 945 2017 1049 2077; x_wconf 88' lang='lat' dir='ltr'>anulis</span> <span class='ocrx_word' id='word_1_105' title='bbox 1072 2031 1103 2078; x_wconf 89' lang='lat' dir='ltr'>et</span> <span class='ocrx_word' id='word_1_106' title='bbox 1135 2016 1264 2077; x_wconf 92' lang='lat' dir='ltr'>nodulis</span> <span class='ocrx_word' id='word_1_107' title='bbox 1288 2017 1348 2078; x_wconf 88' lang='lat' dir='ltr'>sibi</span> <span class='ocrx_word' id='word_1_108' title='bbox 1375 2015 1458 2097; x_wconf 88' lang='lat' dir='ltr'>fecit,</span> <span class='ocrx_word' id='word_1_109' title='bbox 1484 2031 1515 2080; x_wconf 89' lang='lat' dir='ltr'>et</span> 
     </span>
     <span class='ocr_line' id='line_1_16' title="bbox 248 2121 1513 2207; baseline 0.001 -22"><span class='ocrx_word' id='word_1_110' title='bbox 248 2124 325 2185; x_wconf 91' lang='lat' dir='ltr'>dum</span> <span class='ocrx_word' id='word_1_111' title='bbox 351 2123 512 2203; x_wconf 89' lang='lat' dir='ltr'>juraverit,</span> <span class='ocrx_word' id='word_1_112' title='bbox 537 2138 611 2183; x_wconf 93' lang='lat' dir='ltr'>tunc</span> <span class='ocrx_word' id='word_1_113' title='bbox 635 2123 701 2203; x_wconf 90' lang='lat' dir='ltr'>ipse</span> <span class='ocrx_word' id='word_1_114' title='bbox 728 2122 902 2204; x_wconf 85' lang='lat' dir='ltr'>Dyonisius</span> <span class='ocrx_word' id='word_1_115' title='bbox 936 2121 1076 2204; x_wconf 90' lang='lat' dir='ltr'>frenipar</span> <span class='ocrx_word' id='word_1_116' title='bbox 1102 2123 1162 2204; x_wconf 88' lang='lat' dir='ltr'>ipsi</span> <span class='ocrx_word' id='word_1_117' title='bbox 1197 2123 1346 2184; x_wconf 88' lang='lat' dir='ltr'>Michaeli</span> <span class='ocrx_word' id='word_1_118' title='bbox 1371 2124 1513 2207; x_wconf 89' lang='lat' dir='ltr'>sellipari</span> 
     </span>
     <span class='ocr_line' id='line_1_17' title="bbox 248 2228 1245 2309; baseline 0 -19"><span class='ocrx_word' id='word_1_119' title='bbox 248 2230 287 2292; x_wconf 90' lang='lat' dir='ltr'>de</span> <span class='ocrx_word' id='word_1_120' title='bbox 312 2250 369 2291; x_wconf 93' lang='lat' dir='ltr'>suo</span> <span class='ocrx_word' id='word_1_121' title='bbox 395 2230 536 2309; x_wconf 90' lang='lat' dir='ltr'>dampno</span> <span class='ocrx_word' id='word_1_122' title='bbox 562 2229 677 2289; x_wconf 90' lang='lat' dir='ltr'>debeat</span> <span class='ocrx_word' id='word_1_123' title='bbox 701 2229 760 2288; x_wconf 87' lang='lat' dir='ltr'>sibi</span> <span class='ocrx_word' id='word_1_124' title='bbox 780 2228 953 2307; x_wconf 84' lang='lat' dir='ltr'>inpendere</span> <span class='ocrx_word' id='word_1_125' title='bbox 979 2228 1245 2290; x_wconf 84' lang='lat' dir='ltr'>satisfaccionem.</span> 
     </span>
    </p>

    <p class='ocr_par' dir='ltr' id='par_1_7' title="bbox 247 2326 1511 2522">
     <span class='ocr_line' id='line_1_18' title="bbox 354 2326 1511 2416; baseline 0.001 -20"><span class='ocrx_word' id='word_1_126' title='bbox 354 2336 430 2396; x_wconf 89' lang='lat' dir='ltr'>Item</span> <span class='ocrx_word' id='word_1_127' title='bbox 458 2334 645 2394; x_wconf 88' lang='lat' dir='ltr'>Franciscus</span> <span class='ocrx_word' id='word_1_128' title='bbox 670 2331 809 2413; x_wconf 89' lang='lat' dir='ltr'>frenipar</span> <span class='ocrx_word' id='word_1_129' title='bbox 834 2353 919 2393; x_wconf 90' lang='lat' dir='ltr'>nunc</span> <span class='ocrx_word' id='word_1_130' title='bbox 944 2353 1017 2394; x_wconf 90' lang='lat' dir='ltr'>cum</span> <span class='ocrx_word' id='word_1_131' title='bbox 1042 2335 1081 2394; x_wconf 88' lang='lat' dir='ltr'>ad</span> <span class='ocrx_word' id='word_1_132' title='bbox 1115 2326 1376 2416; x_wconf 76' lang='lat' dir='ltr'>respondendum</span> <span class='ocrx_word' id='word_1_133' title='bbox 1402 2352 1511 2399; x_wconf 91' lang='lat' dir='ltr'>contra</span> 
     </span>
     <span class='ocr_line' id='line_1_19' title="bbox 247 2439 1331 2522; baseline 0.002 -21"><span class='ocrx_word' id='word_1_134' title='bbox 247 2440 381 2501; x_wconf 88' lang='lat' dir='ltr'>Paulum</span> <span class='ocrx_word' id='word_1_135' title='bbox 408 2454 549 2501; x_wconf 91' lang='lat' dir='ltr'>sutorem</span> <span class='ocrx_word' id='word_1_136' title='bbox 575 2439 683 2499; x_wconf 90' lang='lat' dir='ltr'>venire</span> <span class='ocrx_word' id='word_1_137' title='bbox 709 2439 831 2514; x_wconf 87' lang='lat' dir='ltr'>debuit,</span> <span class='ocrx_word' id='word_1_138' title='bbox 857 2458 921 2499; x_wconf 92' lang='lat' dir='ltr'>non</span> <span class='ocrx_word' id='word_1_139' title='bbox 947 2439 1033 2501; x_wconf 90' lang='lat' dir='ltr'>venit</span> <span class='ocrx_word' id='word_1_140' title='bbox 1058 2460 1115 2501; x_wconf 90' lang='lat' dir='ltr'>nec</span> <span class='ocrx_word' id='word_1_141' title='bbox 1141 2441 1331 2522; x_wconf 88' lang='lat' dir='ltr'>comparuit.</span> 
     </span>
    </p>

    <p class='ocr_par' dir='ltr' id='par_1_8' title="bbox 246 2541 1509 3159">
     <span class='ocr_line' id='line_1_20' title="bbox 354 2541 1509 2624; baseline 0.003 -18"><span class='ocrx_word' id='word_1_142' title='bbox 354 2546 431 2606; x_wconf 86' lang='lat' dir='ltr'>Item</span> <span class='ocrx_word' id='word_1_143' title='bbox 458 2545 566 2605; x_wconf 90' lang='lat' dir='ltr'>relicta</span> <span class='ocrx_word' id='word_1_144' title='bbox 593 2543 758 2604; x_wconf 86' lang='lat' dir='ltr'>Michaelis</span> <span class='ocrx_word' id='word_1_145' title='bbox 782 2541 950 2624; x_wconf 88' lang='lat' dir='ltr'>freniparis</span> <span class='ocrx_word' id='word_1_146' title='bbox 983 2546 1113 2605; x_wconf 90' lang='lat' dir='ltr'>nomine</span> <span class='ocrx_word' id='word_1_147' title='bbox 1139 2546 1237 2607; x_wconf 86' lang='lat' dir='ltr'>Lucia</span> <span class='ocrx_word' id='word_1_148' title='bbox 1267 2547 1431 2609; x_wconf 86' lang='lat' dir='ltr'>terciamet</span> <span class='ocrx_word' id='word_1_149' title='bbox 1455 2567 1509 2610; x_wconf 90' lang='lat' dir='ltr'>oc·</span> 
     </span>
     <span class='ocr_line' id='line_1_21' title="bbox 247 2650 1509 2732; baseline 0.002 -18"><span class='ocrx_word' id='word_1_150' title='bbox 247 2667 321 2714; x_wconf 88' lang='lat' dir='ltr'>tavo</span> <span class='ocrx_word' id='word_1_151' title='bbox 344 2653 395 2714; x_wconf 90' lang='lat' dir='ltr'>die</span> <span class='ocrx_word' id='word_1_152' title='bbox 420 2671 515 2732; x_wconf 88' lang='lat' dir='ltr'>super</span> <span class='ocrx_word' id='word_1_153' title='bbox 539 2670 625 2711; x_wconf 90' lang='lat' dir='ltr'>aram</span> <span class='ocrx_word' id='word_1_154' title='bbox 652 2663 760 2710; x_wconf 92' lang='lat' dir='ltr'>contra</span> <span class='ocrx_word' id='word_1_155' title='bbox 787 2650 969 2710; x_wconf 83' lang='lat' dir='ltr'>Emericum</span> <span class='ocrx_word' id='word_1_156' title='bbox 995 2651 1133 2729; x_wconf 88' lang='lat' dir='ltr'>juratum</span> <span class='ocrx_word' id='word_1_157' title='bbox 1159 2652 1189 2712; x_wconf 92' lang='lat' dir='ltr'>in</span> <span class='ocrx_word' id='word_1_158' title='bbox 1216 2651 1299 2713; x_wconf 90' lang='lat' dir='ltr'>facto</span> <span class='ocrx_word' id='word_1_159' title='bbox 1324 2667 1509 2716; x_wconf 89' lang='lat' dir='ltr'>truncorum</span> 
     </span>
     <span class='ocr_line' id='line_1_22' title="bbox 246 2757 1508 2843; baseline 0.002 -23"><span class='ocrx_word' id='word_1_160' title='bbox 246 2779 342 2841; x_wconf 86' lang='lat' dir='ltr'>apum</span> <span class='ocrx_word' id='word_1_161' title='bbox 369 2758 471 2837; x_wconf 84' lang='lat' dir='ltr'>jurare</span> <span class='ocrx_word' id='word_1_162' title='bbox 490 2757 649 2818; x_wconf 86' lang='lat' dir='ltr'>tenebitur</span> <span class='ocrx_word' id='word_1_163' title='bbox 674 2776 769 2836; x_wconf 86' lang='lat' dir='ltr'>super</span> <span class='ocrx_word' id='word_1_164' title='bbox 786 2775 835 2831; x_wconf 88' lang='lat' dir='ltr'>e0,</span> <span class='ocrx_word' id='word_1_165' title='bbox 861 2770 893 2817; x_wconf 94' lang='lat' dir='ltr'>ut</span> <span class='ocrx_word' id='word_1_166' title='bbox 920 2777 977 2817; x_wconf 90' lang='lat' dir='ltr'>nec</span> <span class='ocrx_word' id='word_1_167' title='bbox 996 2758 1061 2838; x_wconf 88' lang='lat' dir='ltr'>ipsa</span> <span class='ocrx_word' id='word_1_168' title='bbox 1081 2778 1138 2819; x_wconf 90' lang='lat' dir='ltr'>nec</span> <span class='ocrx_word' id='word_1_169' title='bbox 1156 2757 1276 2819; x_wconf 89' lang='lat' dir='ltr'>familia</span> <span class='ocrx_word' id='word_1_170' title='bbox 1301 2780 1357 2821; x_wconf 88' lang='lat' dir='ltr'>sua</span> <span class='ocrx_word' id='word_1_171' title='bbox 1383 2761 1414 2822; x_wconf 92' lang='lat' dir='ltr'>in</span> <span class='ocrx_word' id='word_1_172' title='bbox 1433 2760 1508 2843; x_wconf 87' lang='lat' dir='ltr'>ipsis</span> 
     </span>
     <span class='ocr_line' id='line_1_23' title="bbox 247 2863 1506 2947; baseline 0.002 -21"><span class='ocrx_word' id='word_1_173' title='bbox 247 2866 365 2926; x_wconf 89' lang='lat' dir='ltr'>truncis</span> <span class='ocrx_word' id='word_1_174' title='bbox 389 2884 484 2945; x_wconf 87' lang='lat' dir='ltr'>apum</span> <span class='ocrx_word' id='word_1_175' title='bbox 504 2878 533 2924; x_wconf 89' lang='lat' dir='ltr'>et</span> <span class='ocrx_word' id='word_1_176' title='bbox 559 2864 589 2922; x_wconf 89' lang='lat' dir='ltr'>in</span> <span class='ocrx_word' id='word_1_177' title='bbox 619 2863 689 2922; x_wconf 91' lang='lat' dir='ltr'>aliis</span> <span class='ocrx_word' id='word_1_178' title='bbox 715 2864 808 2922; x_wconf 88' lang='lat' dir='ltr'>rebus</span> <span class='ocrx_word' id='word_1_179' title='bbox 832 2863 896 2922; x_wconf 91' lang='lat' dir='ltr'>suis</span> <span class='ocrx_word' id='word_1_180' title='bbox 922 2863 1047 2923; x_wconf 89' lang='lat' dir='ltr'>nullum</span> <span class='ocrx_word' id='word_1_181' title='bbox 1074 2864 1270 2925; x_wconf 91' lang='lat' dir='ltr'>furticinium</span> <span class='ocrx_word' id='word_1_182' title='bbox 1296 2867 1506 2947; x_wconf 78' lang='lat' dir='ltr'>perpetravi13</span> 
     </span>
     <span class='ocr_line' id='line_1_24' title="bbox 247 2969 1506 3055; baseline 0.002 -22"><span class='ocrx_word' id='word_1_183' title='bbox 247 2987 276 3033; x_wconf 91' lang='lat' dir='ltr'>et</span> <span class='ocrx_word' id='word_1_184' title='bbox 300 2972 446 3052; x_wconf 91' lang='lat' dir='ltr'>deposito</span> <span class='ocrx_word' id='word_1_185' title='bbox 472 2971 541 3051; x_wconf 92' lang='lat' dir='ltr'>ipso</span> <span class='ocrx_word' id='word_1_186' title='bbox 567 2969 757 3045; x_wconf 72' lang='lat' dir='ltr'>insaniente,</span> <span class='ocrx_word' id='word_1_187' title='bbox 792 2969 904 3029; x_wconf 87' lang='lat' dir='ltr'>eadem</span> <span class='ocrx_word' id='word_1_188' title='bbox 932 2970 1029 3029; x_wconf 80' lang='lat' dir='ltr'>lucia</span> <span class='ocrx_word' id='word_1_189' title='bbox 1055 2971 1169 3030; x_wconf 90' lang='lat' dir='ltr'>mulier</span> <span class='ocrx_word' id='word_1_190' title='bbox 1203 2971 1259 3052; x_wconf 91' lang='lat' dir='ltr'>ipsi</span> <span class='ocrx_word' id='word_1_191' title='bbox 1288 2973 1435 3034; x_wconf 87' lang='lat' dir='ltr'>Emerico</span> <span class='ocrx_word' id='word_1_192' title='bbox 1459 2973 1506 3055; x_wconf 85' lang='lat' dir='ltr'>ju·</span> 
     </span>
     <span class='ocr_line' id='line_1_25' title="bbox 246 3075 1429 3159; baseline -0.001 -19"><span class='ocrx_word' id='word_1_193' title='bbox 246 3093 314 3140; x_wconf 90' lang='lat' dir='ltr'>rato</span> <span class='ocrx_word' id='word_1_194' title='bbox 340 3098 397 3159; x_wconf 92' lang='lat' dir='ltr'>pro</span> <span class='ocrx_word' id='word_1_195' title='bbox 422 3077 514 3137; x_wconf 90' lang='lat' dir='ltr'>dictis</span> <span class='ocrx_word' id='word_1_196' title='bbox 538 3078 632 3135; x_wconf 88' lang='lat' dir='ltr'>rebus</span> <span class='ocrx_word' id='word_1_197' title='bbox 657 3075 721 3134; x_wconf 87' lang='lat' dir='ltr'>suis</span> <span class='ocrx_word' id='word_1_198' title='bbox 744 3075 839 3134; x_wconf 88' lang='lat' dir='ltr'>debet</span> <span class='ocrx_word' id='word_1_199' title='bbox 864 3075 1037 3153; x_wconf 88' lang='lat' dir='ltr'>inpendere</span> <span class='ocrx_word' id='word_1_200' title='bbox 1064 3075 1328 3138; x_wconf 77' lang='lat' dir='ltr'>satisfaccionem.</span> <span class='ocrx_word' id='word_1_201' title='bbox 1354 3082 1429 3155; x_wconf 73' lang='lat' dir='ltr'>(sic).</span> 
     </span>
    </p>

    <p class='ocr_par' dir='ltr' id='par_1_9' title="bbox 244 3180 1510 3476">
     <span class='ocr_line' id='line_1_26' title="bbox 352 3180 1508 3266; baseline 0.002 -22"><span class='ocrx_word' id='word_1_202' title='bbox 352 3184 428 3244; x_wconf 92' lang='lat' dir='ltr'>ltem</span> <span class='ocrx_word' id='word_1_203' title='bbox 454 3202 581 3242; x_wconf 90' lang='lat' dir='ltr'>causam</span> <span class='ocrx_word' id='word_1_204' title='bbox 602 3181 720 3241; x_wconf 83' lang='lat' dir='ltr'>Mathei</span> <span class='ocrx_word' id='word_1_205' title='bbox 739 3182 867 3241; x_wconf 89' lang='lat' dir='ltr'>sartoris</span> <span class='ocrx_word' id='word_1_206' title='bbox 885 3195 915 3240; x_wconf 93' lang='lat' dir='ltr'>et</span> <span class='ocrx_word' id='word_1_207' title='bbox 940 3180 1100 3241; x_wconf 85' lang='lat' dir='ltr'>Dominici</span> <span class='ocrx_word' id='word_1_208' title='bbox 1121 3181 1287 3263; x_wconf 89' lang='lat' dir='ltr'>freniparis</span> <span class='ocrx_word' id='word_1_209' title='bbox 1311 3185 1349 3244; x_wconf 92' lang='lat' dir='ltr'>ad</span> <span class='ocrx_word' id='word_1_210' title='bbox 1368 3185 1508 3266; x_wconf 85' lang='lat' dir='ltr'>primum</span> 
     </span>
     <span class='ocr_line' id='line_1_27' title="bbox 245 3286 1510 3372; baseline 0.001 -21"><span class='ocrx_word' id='word_1_211' title='bbox 245 3290 399 3369; x_wconf 87' lang='lat' dir='ltr'>judicium</span> <span class='ocrx_word' id='word_1_212' title='bbox 426 3288 569 3369; x_wconf 80' lang='lat' dir='ltr'>proxime</span> <span class='ocrx_word' id='word_1_213' title='bbox 596 3306 765 3347; x_wconf 86' lang='lat' dir='ltr'>occurrens</span> <span class='ocrx_word' id='word_1_214' title='bbox 789 3306 847 3366; x_wconf 91' lang='lat' dir='ltr'>pro</span> <span class='ocrx_word' id='word_1_215' title='bbox 873 3306 948 3366; x_wconf 89' lang='lat' dir='ltr'>pace</span> <span class='ocrx_word' id='word_1_216' title='bbox 974 3286 1077 3346; x_wconf 83' lang='lat' dir='ltr'>fienda</span> <span class='ocrx_word' id='word_1_217' title='bbox 1096 3288 1246 3349; x_wconf 83' lang='lat' dir='ltr'>duximus</span> <span class='ocrx_word' id='word_1_218' title='bbox 1271 3291 1510 3372; x_wconf 84' lang='lat' dir='ltr'>prorogandam</span> 
     </span>
     <span class='ocr_line' id='line_1_28' title="bbox 244 3391 899 3476; baseline -0.006 -20"><span class='ocrx_word' id='word_1_219' title='bbox 244 3415 301 3476; x_wconf 90' lang='lat' dir='ltr'>per</span> <span class='ocrx_word' id='word_1_220' title='bbox 324 3395 518 3476; x_wconf 87' lang='lat' dir='ltr'>peticionem</span> <span class='ocrx_word' id='word_1_221' title='bbox 544 3394 720 3473; x_wconf 88' lang='lat' dir='ltr'>proborum</span> <span class='ocrx_word' id='word_1_222' title='bbox 748 3391 899 3452; x_wconf 84' lang='lat' dir='ltr'>virorum.</span> 
     </span>
    </p>

    <p class='ocr_par' dir='ltr' id='par_1_10' title="bbox 245 3498 1516 3796">
     <span class='ocr_line' id='line_1_29' title="bbox 352 3498 1508 3564; baseline 0.003 -4"><span class='ocrx_word' id='word_1_223' title='bbox 352 3502 428 3562; x_wconf 88' lang='lat' dir='ltr'>ltem</span> <span class='ocrx_word' id='word_1_224' title='bbox 455 3519 582 3559; x_wconf 89' lang='lat' dir='ltr'>causam</span> <span class='ocrx_word' id='word_1_225' title='bbox 610 3498 698 3557; x_wconf 75' lang='lat' dir='ltr'>l‘auli</span> <span class='ocrx_word' id='word_1_226' title='bbox 724 3513 754 3557; x_wconf 88' lang='lat' dir='ltr'>et</span> <span class='ocrx_word' id='word_1_227' title='bbox 780 3498 944 3558; x_wconf 84' lang='lat' dir='ltr'>Benedicti</span> <span class='ocrx_word' id='word_1_228' title='bbox 970 3499 1203 3560; x_wconf 86' lang='lat' dir='ltr'>aurifabrorum</span> <span class='ocrx_word' id='word_1_229' title='bbox 1230 3517 1259 3562; x_wconf 89' lang='lat' dir='ltr'>et</span> <span class='ocrx_word' id='word_1_230' title='bbox 1286 3503 1414 3564; x_wconf 86' lang='lat' dir='ltr'>Thome</span> <span class='ocrx_word' id='word_1_231' title='bbox 1440 3523 1508 3564; x_wconf 91' lang='lat' dir='ltr'>mo·</span> 
     </span>
     <span class='ocr_line' id='line_1_30' title="bbox 245 3604 1516 3685; baseline 0.002 -16"><span class='ocrx_word' id='word_1_232' title='bbox 245 3607 472 3681; x_wconf 90' lang='lat' dir='ltr'>lendinatoris,</span> <span class='ocrx_word' id='word_1_233' title='bbox 505 3605 596 3682; x_wconf 78' lang='lat' dir='ltr'>iurati</span> <span class='ocrx_word' id='word_1_234' title='bbox 630 3624 688 3685; x_wconf 84' lang='lat' dir='ltr'>pro</span> <span class='ocrx_word' id='word_1_235' title='bbox 721 3605 859 3664; x_wconf 88' lang='lat' dir='ltr'>uberiori</span> <span class='ocrx_word' id='word_1_236' title='bbox 894 3604 992 3683; x_wconf 90' lang='lat' dir='ltr'>ipsius</span> <span class='ocrx_word' id='word_1_237' title='bbox 1036 3624 1128 3665; x_wconf 88' lang='lat' dir='ltr'>cause</span> <span class='ocrx_word' id='word_1_238' title='bbox 1164 3607 1444 3670; x_wconf 75' lang='lat' dir='ltr'>determinatione</span> <span class='ocrx_word' id='word_1_239' title='bbox 1476 3611 1516 3671; x_wconf 88' lang='lat' dir='ltr'>ad</span> 
     </span>
     <span class='ocr_line' id='line_1_31' title="bbox 245 3709 1024 3796; baseline -0.009 -21"><span class='ocrx_word' id='word_1_240' title='bbox 245 3715 383 3796; x_wconf 90' lang='lat' dir='ltr'>primum</span> <span class='ocrx_word' id='word_1_241' title='bbox 410 3712 564 3791; x_wconf 89' lang='lat' dir='ltr'>judicium</span> <span class='ocrx_word' id='word_1_242' title='bbox 592 3710 751 3769; x_wconf 80' lang='lat' dir='ltr'>&lt;luxerunt</span> <span class='ocrx_word' id='word_1_243' title='bbox 776 3709 1024 3789; x_wconf 81' lang='lat' dir='ltr'>prorogandam.</span> 
     </span>
    </p>

    <p class='ocr_par' dir='ltr' id='par_1_11' title="bbox 240 3814 1519 4851">
     <span class='ocr_line' id='line_1_32' title="bbox 350 3814 1515 3898; baseline 0.002 -20"><span class='ocrx_word' id='word_1_244' title='bbox 350 3819 426 3880; x_wconf 90' lang='lat' dir='ltr'>ltem</span> <span class='ocrx_word' id='word_1_245' title='bbox 450 3817 522 3878; x_wconf 91' lang='lat' dir='ltr'>licet</span> <span class='ocrx_word' id='word_1_246' title='bbox 543 3817 702 3876; x_wconf 84' lang='lat' dir='ltr'>Fabianus</span> <span class='ocrx_word' id='word_1_247' title='bbox 724 3830 825 3875; x_wconf 92' lang='lat' dir='ltr'>sartor</span> <span class='ocrx_word' id='word_1_248' title='bbox 851 3814 934 3875; x_wconf 86' lang='lat' dir='ltr'>lilius</span> <span class='ocrx_word' id='word_1_249' title='bbox 951 3816 1088 3875; x_wconf 87' lang='lat' dir='ltr'>condam</span> <span class='ocrx_word' id='word_1_250' title='bbox 1108 3817 1238 3878; x_wconf 60' lang='lat' dir='ltr'>,adriani</span> <span class='ocrx_word' id='word_1_251' title='bbox 1265 3820 1415 3898; x_wconf 75' lang='lat' dir='ltr'>agricole,</span> <span class='ocrx_word' id='word_1_252' title='bbox 1434 3821 1515 3882; x_wconf 90' lang='lat' dir='ltr'>alias</span> 
     </span>
     <span class='ocr_line' id='line_1_33' title="bbox 247 3921 1515 4008; baseline 0.002 -22"><span class='ocrx_word' id='word_1_253' title='bbox 247 3927 366 4008; x_wconf 86' lang='lat' dir='ltr'>juratus</span> <span class='ocrx_word' id='word_1_254' title='bbox 391 3939 421 3985; x_wconf 87' lang='lat' dir='ltr'>ct</span> <span class='ocrx_word' id='word_1_255' title='bbox 445 3923 586 3983; x_wconf 85' lang='lat' dir='ltr'>concivis</span> <span class='ocrx_word' id='word_1_256' title='bbox 611 3936 727 3995; x_wconf 88' lang='lat' dir='ltr'>noster,</span> <span class='ocrx_word' id='word_1_257' title='bbox 754 3922 784 3981; x_wconf 92' lang='lat' dir='ltr'>in</span> <span class='ocrx_word' id='word_1_258' title='bbox 807 3940 862 3980; x_wconf 91' lang='lat' dir='ltr'>sua</span> <span class='ocrx_word' id='word_1_259' title='bbox 893 3936 921 3981; x_wconf 89' lang='lat' dir='ltr'>et</span> <span class='ocrx_word' id='word_1_260' title='bbox 949 3921 1103 3981; x_wconf 75' lang='lat' dir='ltr'>:ltrthonii</span> <span class='ocrx_word' id='word_1_261' title='bbox 1131 3923 1279 3983; x_wconf 89' lang='lat' dir='ltr'>similiter</span> <span class='ocrx_word' id='word_1_262' title='bbox 1309 3926 1437 3985; x_wconf 87' lang='lat' dir='ltr'>sartoris</span> <span class='ocrx_word' id='word_1_263' title='bbox 1461 3926 1515 3989; x_wconf 89' lang='lat' dir='ltr'>lilii</span> 
     </span>
     <span class='ocr_line' id='line_1_34' title="bbox 243 4027 1517 4115; baseline 0 -21"><span class='ocrx_word' id='word_1_264' title='bbox 243 4031 355 4115; x_wconf 88' lang='lat' dir='ltr'>prefati</span> <span class='ocrx_word' id='word_1_265' title='bbox 383 4030 513 4091; x_wconf 73' lang='lat' dir='ltr'>Adriani</span> <span class='ocrx_word' id='word_1_266' title='bbox 542 4028 692 4108; x_wconf 83' lang='lat' dir='ltr'>agricole,</span> <span class='ocrx_word' id='word_1_267' title='bbox 718 4028 821 4087; x_wconf 89' lang='lat' dir='ltr'>fratris</span> <span class='ocrx_word' id='word_1_268' title='bbox 848 4047 922 4086; x_wconf 79' lang='lat' dir='ltr'>sero</span> <span class='ocrx_word' id='word_1_269' title='bbox 947 4027 993 4085; x_wconf 90' lang='lat' dir='ltr'>sni</span> <span class='ocrx_word' id='word_1_270' title='bbox 1021 4027 1153 4103; x_wconf 87' lang='lat' dir='ltr'>junioris</span> <span class='ocrx_word' id='word_1_271' title='bbox 1178 4030 1295 4089; x_wconf 88' lang='lat' dir='ltr'>uterini</span> <span class='ocrx_word' id='word_1_272' title='bbox 1328 4047 1357 4091; x_wconf 88' lang='lat' dir='ltr'>et</span> <span class='ocrx_word' id='word_1_273' title='bbox 1383 4035 1517 4094; x_wconf 91' lang='lat' dir='ltr'>carnalis</span> 
     </span>
     <span class='ocr_line' id='line_1_35' title="bbox 240 4132 1507 4220; baseline -0.001 -20"><span class='ocrx_word' id='word_1_274' title='bbox 240 4137 395 4220; x_wconf 90' lang='lat' dir='ltr'>personis,</span> <span class='ocrx_word' id='word_1_275' title='bbox 418 4155 500 4195; x_wconf 88' lang='lat' dir='ltr'>onus</span> <span class='ocrx_word' id='word_1_276' title='bbox 517 4149 547 4194; x_wconf 86' lang='lat' dir='ltr'>ct</span> <span class='ocrx_word' id='word_1_277' title='bbox 563 4152 735 4214; x_wconf 82' lang='lat' dir='ltr'>gravamen</span> <span class='ocrx_word' id='word_1_278' title='bbox 761 4133 904 4191; x_wconf 88' lang='lat' dir='ltr'>eiusdem</span> <span class='ocrx_word' id='word_1_279' title='bbox 924 4133 1079 4192; x_wconf 74' lang='lat' dir='ltr'>Anthonii</span> <span class='ocrx_word' id='word_1_280' title='bbox 1107 4132 1209 4192; x_wconf 87' lang='lat' dir='ltr'>fratris</span> <span class='ocrx_word' id='word_1_281' title='bbox 1227 4136 1273 4193; x_wconf 91' lang='lat' dir='ltr'>sui</span> <span class='ocrx_word' id='word_1_282' title='bbox 1296 4136 1326 4194; x_wconf 92' lang='lat' dir='ltr'>in</span> <span class='ocrx_word' id='word_1_283' title='bbox 1351 4156 1383 4196; x_wconf 90' lang='lat' dir='ltr'>se</span> <span class='ocrx_word' id='word_1_284' title='bbox 1403 4138 1507 4218; x_wconf 88' lang='lat' dir='ltr'>ipsum</span> 
     </span>
     <span class='ocr_line' id='line_1_36' title="bbox 241 4238 1516 4327; baseline -0.002 -20"><span class='ocrx_word' id='word_1_285' title='bbox 241 4258 355 4327; x_wconf 89' lang='lat' dir='ltr'>sponte</span> <span class='ocrx_word' id='word_1_286' title='bbox 380 4262 434 4323; x_wconf 87' lang='lat' dir='ltr'>per</span> <span class='ocrx_word' id='word_1_287' title='bbox 459 4241 568 4302; x_wconf 90' lang='lat' dir='ltr'>omnia</span> <span class='ocrx_word' id='word_1_288' title='bbox 586 4258 761 4313; x_wconf 88' lang='lat' dir='ltr'>assumens,</span> <span class='ocrx_word' id='word_1_289' title='bbox 786 4238 825 4297; x_wconf 92' lang='lat' dir='ltr'>ad</span> <span class='ocrx_word' id='word_1_290' title='bbox 845 4254 984 4298; x_wconf 88' lang='lat' dir='ltr'>nostram</span> <span class='ocrx_word' id='word_1_291' title='bbox 1005 4238 1165 4298; x_wconf 81' lang='lat' dir='ltr'>veniendo</span> <span class='ocrx_word' id='word_1_292' title='bbox 1185 4243 1394 4319; x_wconf 84' lang='lat' dir='ltr'>presenciam</span> <span class='ocrx_word' id='word_1_293' title='bbox 1414 4246 1516 4322; x_wconf 89' lang='lat' dir='ltr'>quod·</span> 
     </span>
     <span class='ocr_line' id='line_1_37' title="bbox 241 4342 1513 4425; baseline -0.002 -11"><span class='ocrx_word' id='word_1_294' title='bbox 241 4352 314 4414; x_wconf 92' lang='lat' dir='ltr'>darn</span> <span class='ocrx_word' id='word_1_295' title='bbox 339 4349 490 4411; x_wconf 89' lang='lat' dir='ltr'>celarium</span> <span class='ocrx_word' id='word_1_296' title='bbox 517 4366 610 4407; x_wconf 89' lang='lat' dir='ltr'>suum</span> <span class='ocrx_word' id='word_1_297' title='bbox 638 4360 667 4405; x_wconf 91' lang='lat' dir='ltr'>et</span> <span class='ocrx_word' id='word_1_298' title='bbox 693 4346 791 4425; x_wconf 90' lang='lat' dir='ltr'>ipsius</span> <span class='ocrx_word' id='word_1_299' title='bbox 818 4342 920 4403; x_wconf 91' lang='lat' dir='ltr'>fratris</span> <span class='ocrx_word' id='word_1_300' title='bbox 938 4344 985 4402; x_wconf 90' lang='lat' dir='ltr'>sui</span> <span class='ocrx_word' id='word_1_301' title='bbox 1014 4345 1044 4403; x_wconf 92' lang='lat' dir='ltr'>in</span> <span class='ocrx_word' id='word_1_302' title='bbox 1071 4345 1210 4423; x_wconf 88' lang='lat' dir='ltr'>quadam</span> <span class='ocrx_word' id='word_1_303' title='bbox 1238 4345 1338 4405; x_wconf 75' lang='lat' dir='ltr'>riomo</span> <span class='ocrx_word' id='word_1_304' title='bbox 1364 4363 1393 4408; x_wconf 85' lang='lat' dir='ltr'>ct</span> <span class='ocrx_word' id='word_1_305' title='bbox 1412 4348 1513 4413; x_wconf 91' lang='lat' dir='ltr'>fundo</span> 
     </span>
     <span class='ocr_line' id='line_1_38' title="bbox 240 4449 1515 4520; baseline -0.004 0"><span class='ocrx_word' id='word_1_306' title='bbox 240 4479 275 4520; x_wconf 88' lang='lat' dir='ltr'>ac</span> <span class='ocrx_word' id='word_1_307' title='bbox 300 4455 456 4519; x_wconf 84' lang='lat' dir='ltr'>hedificiis</span> <span class='ocrx_word' id='word_1_308' title='bbox 479 4473 590 4514; x_wconf 90' lang='lat' dir='ltr'>eorum</span> <span class='ocrx_word' id='word_1_309' title='bbox 617 4450 748 4512; x_wconf 90' lang='lat' dir='ltr'>indicta</span> <span class='ocrx_word' id='word_1_310' title='bbox 774 4450 900 4509; x_wconf 80' lang='lat' dir='ltr'>civitate</span> <span class='ocrx_word' id='word_1_311' title='bbox 927 4450 1008 4509; x_wconf 89' lang='lat' dir='ltr'>inter</span> <span class='ocrx_word' id='word_1_312' title='bbox 1029 4449 1144 4509; x_wconf 91' lang='lat' dir='ltr'>domos</span> <span class='ocrx_word' id='word_1_313' title='bbox 1170 4464 1199 4510; x_wconf 92' lang='lat' dir='ltr'>et</span> <span class='ocrx_word' id='word_1_314' title='bbox 1218 4450 1341 4509; x_wconf 88' lang='lat' dir='ltr'>fundos</span> <span class='ocrx_word' id='word_1_315' title='bbox 1365 4473 1402 4513; x_wconf 91' lang='lat' dir='ltr'>ac</span> <span class='ocrx_word' id='word_1_316' title='bbox 1426 4453 1515 4516; x_wconf 89' lang='lat' dir='ltr'>hedi·</span> 
     </span>
     <span class='ocr_line' id='line_1_39' title="bbox 240 4555 1519 4632; baseline -0.005 -6"><span class='ocrx_word' id='word_1_317' title='bbox 240 4562 309 4625; x_wconf 89' lang='lat' dir='ltr'>ficia</span> <span class='ocrx_word' id='word_1_318' title='bbox 336 4561 459 4625; x_wconf 90' lang='lat' dir='ltr'>Nicolai</span> <span class='ocrx_word' id='word_1_319' title='bbox 492 4560 567 4621; x_wconf 91' lang='lat' dir='ltr'>dicti</span> <span class='ocrx_word' id='word_1_320' title='bbox 594 4557 746 4619; x_wconf 83' lang='lat' dir='ltr'>Chuthlco</span> <span class='ocrx_word' id='word_1_321' title='bbox 776 4555 868 4632; x_wconf 81' lang='lat' dir='ltr'>jurati</span> <span class='ocrx_word' id='word_1_322' title='bbox 899 4555 997 4615; x_wconf 90' lang='lat' dir='ltr'>nostri</span> <span class='ocrx_word' id='word_1_323' title='bbox 1032 4556 1178 4615; x_wconf 85' lang='lat' dir='ltr'>moderni</span> <span class='ocrx_word' id='word_1_324' title='bbox 1219 4576 1235 4615; x_wconf 91' lang='lat' dir='ltr'>a</span> <span class='ocrx_word' id='word_1_325' title='bbox 1277 4558 1454 4619; x_wconf 72' lang='lat' dir='ltr'>nar&#39;dione</span> <span class='ocrx_word' id='word_1_326' title='bbox 1489 4577 1519 4623; x_wconf 89' lang='lat' dir='ltr'>et</span> 
     </span>
     <span class='ocr_line' id='line_1_40' title="bbox 242 4660 1515 4747; baseline -0.008 -16"><span class='ocrx_word' id='word_1_327' title='bbox 242 4670 337 4731; x_wconf 85' lang='lat' dir='ltr'>Blasii</span> <span class='ocrx_word' id='word_1_328' title='bbox 363 4669 480 4730; x_wconf 91' lang='lat' dir='ltr'>sutoris</span> <span class='ocrx_word' id='word_1_329' title='bbox 504 4690 521 4727; x_wconf 87' lang='lat' dir='ltr'>a</span> <span class='ocrx_word' id='word_1_330' title='bbox 546 4663 775 4747; x_wconf 85' lang='lat' dir='ltr'>septemtrione</span> <span class='ocrx_word' id='word_1_331' title='bbox 800 4660 908 4722; x_wconf 89' lang='lat' dir='ltr'>habita</span> <span class='ocrx_word' id='word_1_332' title='bbox 927 4660 1076 4736; x_wconf 85' lang='lat' dir='ltr'>existens,</span> <span class='ocrx_word' id='word_1_333' title='bbox 1102 4660 1132 4719; x_wconf 91' lang='lat' dir='ltr'>in</span> <span class='ocrx_word' id='word_1_334' title='bbox 1159 4680 1225 4741; x_wconf 90' lang='lat' dir='ltr'>quo</span> <span class='ocrx_word' id='word_1_335' title='bbox 1257 4660 1380 4724; x_wconf 88' lang='lat' dir='ltr'>scilicet</span> <span class='ocrx_word' id='word_1_336' title='bbox 1398 4666 1515 4726; x_wconf 87' lang='lat' dir='ltr'>celarin</span> 
     </span>
     <span class='ocr_line' id='line_1_41' title="bbox 243 4765 1516 4851; baseline -0.004 -13"><span class='ocrx_word' id='word_1_337' title='bbox 243 4778 383 4839; x_wconf 78' lang='lat' dir='ltr'>condant</span> <span class='ocrx_word' id='word_1_338' title='bbox 411 4774 557 4835; x_wconf 69' lang='lat' dir='ltr'>hardreas</span> <span class='ocrx_word' id='word_1_339' title='bbox 583 4770 708 4832; x_wconf 90' lang='lat' dir='ltr'>ltalicus</span> <span class='ocrx_word' id='word_1_340' title='bbox 731 4768 823 4851; x_wconf 80' lang='lat' dir='ltr'>olym</span> <span class='ocrx_word' id='word_1_341' title='bbox 851 4765 948 4846; x_wconf 85' lang='lat' dir='ltr'>judex</span> <span class='ocrx_word' id='word_1_342' title='bbox 967 4780 996 4825; x_wconf 93' lang='lat' dir='ltr'>et</span> <span class='ocrx_word' id='word_1_343' title='bbox 1014 4765 1159 4826; x_wconf 87' lang='lat' dir='ltr'>concivis</span> <span class='ocrx_word' id='word_1_344' title='bbox 1184 4779 1311 4840; x_wconf 88' lang='lat' dir='ltr'>noster,</span> <span class='ocrx_word' id='word_1_345' title='bbox 1337 4766 1413 4828; x_wconf 86' lang='lat' dir='ltr'>dum</span> <span class='ocrx_word' id='word_1_346' title='bbox 1431 4771 1516 4833; x_wconf 89' lang='lat' dir='ltr'>adhu</span> 
     </span>
    </p>
   </div>
   <div class='ocr_carea' id='block_1_4' title="bbox 0 0 1748 5272">
    <p class='ocr_par' dir='ltr' id='par_1_12' title="bbox 0 0 1748 5272">
     <span class='ocr_line' id='line_1_42' title="bbox 0 0 1748 5272; baseline 0 2"><span class='ocrx_word' id='word_1_347' title='bbox 0 0 1748 5272; x_wconf 95' lang='lat' dir='ltr'> </span> 
     </span>
    </p>
   </div>
  </div>
 </body>
</html>
