3488 5272
246 287 312 364 460
647 288 842 363 Anna1477.
869 318 908 328 —
934 281 984 346 18.
1009 286 1122 359 aprilis.

247 499 371 575 suisset,
398 497 490 575 jurati
516 497 791 575 adjudicaverunt,
824 498 973 559 utillum
999 495 1068 558 llor.
1101 515 1201 557 unum
1228 497 1426 559 invadiatum
1452 498 1513 558 sibi

250 605 333 665 Luce
367 603 446 665 inira
479 618 541 665 tres
566 603 634 664 dies
667 603 800 664 reddere
832 604 965 678 debeat;
997 622 1055 684 pro
1088 603 1199 664 Marito
1224 622 1300 665 vero
1334 618 1380 664 est
1404 602 1510 680 jurato

248 711 332 771 idem
360 711 470 794 liadey
496 711 526 771 in
553 710 691 790 birsagio
721 710 753 770 in
777 711 878 771 tribus
904 710 1009 791 pensis
1033 710 1239 772 denariorum
1265 730 1322 793 pro
1347 729 1398 788 eo,
1422 710 1512 793 quod

247 816 362 877 eodem
388 816 487 877 modo
519 817 711 877 invenerunt
742 815 837 896 jurati
870 816 951 877 sicut
984 831 1014 878 et
1039 815 1125 877 idem
1158 817 1296 892 Marcus,
1321 830 1351 878 et
1375 816 1512 878 eandem

248 923 527 1005 adjudicacionem
553 923 652 1004 ipsius
678 923 775 983 Marci
807 922 1059 1003 approbavimus
1075 923 1156 984 sicut
1181 937 1212 985 et
1235 923 1330 1005 primi
1355 922 1449 1004 jurati
1467 923 1516 984 in·

247 1044 412 1091 venerunt.

352 1135 429 1196 Item
455 1155 582 1196 causam
618 1135 699 1196 inter
732 1136 903 1198 Nicolaum
938 1134 1059 1219 Halycz
1091 1136 1211 1198 dictum
1245 1149 1398 1198 ettotam
1424 1156 1513 1199 com·

247 1242 435 1303 munitatem
462 1241 590 1303 racione
615 1241 780 1303 cuiusdam
799 1241 966 1303 homicidii
987 1262 1043 1303 seu
1066 1256 1168 1304 morte
1195 1242 1293 1304 Lucie
1319 1243 1427 1305 uxoris
1443 1263 1513 1322 sue,

246 1349 338 1428 jurati
375 1347 650 1428 adjudicaverunt,
686 1362 718 1408 ut
749 1350 945 1410 sextusmeth
978 1368 1073 1431 super
1104 1367 1143 1409 eo
1177 1349 1208 1409 in
1246 1349 1380 1410 ecclesia
1411 1350 1513 1411 sancti

246 1455 345 1515 Marci
372 1454 402 1514 in
429 1475 481 1514 ara
514 1468 621 1515 sancte
646 1453 759 1515 Crucis
791 1454 895 1533 jurare
923 1455 1019 1517 debet
1051 1456 1111 1516 sibi
1135 1456 1305 1535 similibus,
1330 1457 1418 1538 quod
1444 1459 1512 1540 ipse

246 1562 381 1623 omnino
407 1575 453 1622 est
478 1562 631 1621 innocens
655 1575 686 1621 et
710 1561 859 1622 innoxius
883 1563 915 1623 in
942 1575 1044 1623 morte
1072 1562 1170 1625 Lucio
1195 1562 1303 1624 uxoris
1325 1582 1391 1626 sue.

352 1668 429 1729 ltem
456 1667 541 1728 idem
567 1668 720 1728 Nicolaus
746 1668 868 1750 Halycz
900 1669 952 1730 die
977 1683 1007 1730 et
1031 1669 1105 1730 loco
1138 1669 1256 1750 quibus
1279 1688 1373 1750 supra
1397 1669 1456 1729 rite
1480 1683 1512 1730 et

245 1772 402 1853 legittime
428 1773 643 1852 juramentum
667 1794 759 1834 suum
787 1775 935 1857 deposuit
960 1789 993 1836 ut
1018 1775 1139 1839 debuit.

352 1880 428 1940 ltem
455 1900 581 1940 causam
609 1881 690 1941 inter
715 1880 892 1962 Georgium
911 1881 1102 1963 freniparem
1129 1895 1159 1942 et
1184 1882 1351 1943 Jalsiczam
1377 1901 1510 1944 uxorem

250 1987 333 2047 Petri
349 1987 505 2068 Zyrouicz
523 1987 597 2047 dicti
616 1987 743 2048 racione
761 2002 791 2048 et
808 2002 951 2069 pretextu
969 1988 1134 2049 cuiusdam
1153 1987 1251 2050 debiti
1271 1987 1409 2048 duorum
1427 1987 1509 2065 flou,

245 2091 340 2170 jurati
360 2093 624 2171 adjudicaverunt
648 2113 807 2175 supereo,
832 2095 919 2175 quod
942 2095 1008 2177 ipsa
1027 2095 1160 2155 Jalsicza
1186 2094 1282 2156 debet
1305 2092 1409 2174 jurare
1426 2095 1510 2155 sola·

245 2199 331 2260 meth
355 2201 413 2261 sibi
440 2201 599 2262 similibus
624 2201 710 2282 quod
737 2202 803 2283 ipsa
833 2201 967 2262 omnino
992 2216 1039 2263 est
1072 2202 1235 2262 inconscia
1259 2201 1298 2262 de
1323 2200 1508 2262 huiusmodi

228 2306 353 2367 ¹debito
379 2306 516 2367 duorum
547 2306 616 2370 flor.

352 2412 428 2473 ltem
454 2433 582 2474 causam
610 2414 690 2474 inter
714 2415 841 2474 Petrum
869 2412 1005 2474 vachak
1031 2428 1062 2476 et
1078 2414 1214 2476 alterum
1240 2413 1369 2475 Petrum
1394 2414 1507 2475 Koncz

244 2520 372 2580 racione
405 2520 571 2580 cuiusdam
605 2521 701 2601 precii
736 2521 831 2581 unius
862 2521 938 2581 anni
967 2534 997 2582 et
1029 2539 1239 2602 expensarum
1264 2518 1418 2581 factarum
1452 2539 1509 2603 per

242 2626 347 2707 ipsum
372 2625 511 2700 Puchalr,
537 2625 629 2704 jurati
662 2626 928 2706 adjudicaverunt
961 2640 991 2687 et
1023 2628 1202 2708 approbant
1227 2624 1505 2705 adjudicationem

242 2731 478 2812 primitivorum
514 2732 690 2812 juratorum
725 2732 768 2792 uti
799 2733 849 2793 hic
883 2733 914 2792 in
940 2732 1095 2793 katherno
1126 2732 1278 2813 scriptum
1304 2746 1361 2811 est,
1385 2751 1443 2814 pro
1467 2751 1507 2792 eo

241 2837 328 2918 quod
354 2857 481 2897 causam
508 2839 643 2898 eandem
670 2839 755 2898 idem
783 2839 893 2899 Petrus
923 2839 1033 2899 Koncz
1058 2838 1097 2898 ad
1123 2838 1265 2898 seniores
1289 2837 1507 2919 appellaverat

241 2958 271 3004 et
297 2944 384 3024 quod
411 2945 543 3005 minime
569 2965 696 3005 causam
723 2964 812 3004 suam
839 2945 924 3005 idem
943 2945 1054 3004 Petrus
1080 2944 1191 3004 Koncz
1217 2943 1368 3024 prosequi
1392 2943 1505 3005 voluit.

348 3051 423 3111 ltem
450 3071 576 3111 causam
598 3051 678 3111 inter
704 3051 937 3132 Margaretham
957 3051 1158 3111 liibariczam
1185 3065 1215 3110 et
1240 3051 1321 3110 inter
1339 3049 1505 3111 Simonem

242 3155 353 3237 ltadey
379 3158 506 3217 racione
532 3157 746 3237 quorumdam
772 3158 906 3237 piscium
933 3176 1015 3236 quos
1039 3155 1132 3235 judex
1158 3169 1188 3215 et
1212 3155 1302 3234 jurati
1329 3174 1387 3236 pro
1411 3156 1506 3236 culpa

240 3262 288 3320 sui
314 3264 505 3343 recepissent
530 3278 559 3323 ct
585 3263 672 3343 quod
699 3264 728 3322 in
755 3263 875 3323 eisdem
890 3264 1030 3344 piscibus
1047 3263 1183 3323 candem
1209 3261 1503 3343 dampnificassent‚

239 3368 334 3428 debet
359 3370 442 3429 idem
477 3371 589 3429 Simon
620 3370 730 3450 liadey
763 3370 866 3447 jurare
900 3371 930 3429 in
965 3369 1097 3430 ecclesia
1129 3368 1227 3429 sancti
1263 3369 1361 3429 Marci
1388 3367 1419 3428 in
1451 3388 1505 3429 ara

238 3489 344 3536 sancte
378 3476 491 3535 Crucis
523 3495 616 3556 super
650 3496 699 3552 eo,
733 3490 766 3536 ut
798 3495 856 3556 pro
888 3475 1030 3556 dampno
1062 3474 1250 3536 eorumdem
1284 3475 1419 3556 piscium
1443 3475 1504 3536 sibi

238 3581 446 3642 sublevorum
473 3601 536 3641 non
562 3583 742 3662 assumpsit.

346 3688 424 3749 ltem
449 3708 576 3748 causant
597 3690 677 3749 inter
696 3690 813 3749 Lucam
841 3689 987 3749 llibaricz
1005 3704 1035 3750 et
1061 3689 1228 3750 Simonem
1248 3688 1358 3771 liadey
1376 3689 1503 3750 racione

238 3795 492 3873 adjudicacionis
517 3794 691 3873 juratorum
719 3815 814 3855 unam
840 3810 960 3876 partem
992 3794 1140 3855 videlicet
1165 3795 1276 3855 decem
1302 3813 1424 3855 marcas
1441 3795 1501 3876 ipsi

241 3900 324 3960 Luce
350 3901 465 3982 partim
491 3915 520 3961 et
546 3922 603 3981 pro
628 3916 693 3962 tota
716 3903 946 3963 communitate
979 3902 1103 3962 solvere
1129 3916 1300 3979 teneretur,
1328 3901 1501 3983 appellavit

238 4007 268 4065 in
295 4009 492 4087 presencium
517 4007 678 4067 seniorum
706 4008 792 4068 idem
819 4009 939 4090 liadcy.

242 4224 336 4296 Ferin
367 4238 465 4297 sexta
505 4231 659 4316 proxima
690 4238 764 4316 post
804 4240 959 4299 octavum
999 4228 1082 4300 diem
1121 4230 1197 4299 festi
1229 4226 1501 4301 Resurrectiouis

802 4352 940 4422 llomini.

765 4501 827 4578 (IS.
852 4505 982 4578 aprilis).

344 4644 420 4705 ltem
446 4663 572 4704 causam
600 4645 681 4706 inter
707 4646 847 4705 Blasium
882 4658 1036 4706 sartorem
1063 4658 1092 4704 et
1126 4645 1244 4706 Lucam
1271 4646 1428 4728 Ribarycz
1453 4645 1498 4726 ju·

236 4751 293 4811 rati
319 4751 358 4811 ad
382 4749 523 4814 futurum
550 4750 690 4833 primum
723 4751 877 4830 judicium
914 4744 1050 4809 candem
1083 4769 1210 4812 causam
1236 4766 1499 4833 prorogaverunt.
