<?xml version="1.0" encoding="UTF-8"?>
<!DOCTYPE html PUBLIC "-//W3C//DTD XHTML 1.0 Transitional//EN"
    "http://www.w3.org/TR/xhtml1/DTD/xhtml1-transitional.dtd">
<html xmlns="http://www.w3.org/1999/xhtml" xml:lang="en" lang="en">
 <head>
  <title>
</title>
<meta http-equiv="Content-Type" content="text/html;charset=utf-8" />
  <meta name='ocr-system' content='tesseract 3.04.00' />
  <meta name='ocr-capabilities' content='ocr_page ocr_carea ocr_par ocr_line ocrx_word'/>
</head>
<body>
  <div class='ocr_page' id='page_1' title='image "./monumentahistor07laszgoog_0379.png"; bbox 0 0 3488 5272; ppageno 0'>
   <div class='ocr_carea' id='block_1_1' title="bbox 359 542 1383 759">
    <p class='ocr_par' dir='ltr' id='par_1_1' title="bbox 359 542 1383 759">
     <span class='ocr_line' id='line_1_1' title="bbox 359 542 1383 636; baseline 0.001 -21"><span class='ocrx_word' id='word_1_1' title='bbox 359 543 454 616; x_wconf 81' lang='lat' dir='ltr'>Feria</span> <span class='ocrx_word' id='word_1_2' title='bbox 485 548 593 617; x_wconf 82' lang='lat' dir='ltr'>tercia</span> <span class='ocrx_word' id='word_1_3' title='bbox 622 547 774 634; x_wconf 87' lang='lat' dir='ltr'>proxima</span> <span class='ocrx_word' id='word_1_4' title='bbox 804 552 881 618; x_wconf 85' lang='lat' dir='ltr'>ante</span> <span class='ocrx_word' id='word_1_5' title='bbox 910 546 1033 618; x_wconf 79' lang='lat' dir='ltr'>festum</span> <span class='ocrx_word' id='word_1_6' title='bbox 1062 544 1219 636; x_wconf 79' lang='lat' dir='ltr'>eorporis</span> <span class='ocrx_word' id='word_1_7' title='bbox 1248 542 1383 618; x_wconf 83' lang='lat' dir='ltr'>Christi.</span> 
     </span>
     <span class='ocr_line' id='line_1_2' title="bbox 765 677 956 759; baseline 0.026 -22"><span class='ocrx_word' id='word_1_8' title='bbox 765 677 833 759; x_wconf 83' lang='lat'>(26.</span> <span class='ocrx_word' id='word_1_9' title='bbox 857 679 956 757; x_wconf 75' lang='lat' dir='ltr'>maia).</span> 
     </span>
    </p>
   </div>
   <div class='ocr_carea' id='block_1_2' title="bbox 236 803 1515 4185">
    <p class='ocr_par' dir='ltr' id='par_1_2' title="bbox 239 803 1509 1205">
     <span class='ocr_line' id='line_1_3' title="bbox 346 803 1509 885; baseline 0.003 -22"><span class='ocrx_word' id='word_1_10' title='bbox 346 803 423 865; x_wconf 89' lang='lat' dir='ltr'>ltem</span> <span class='ocrx_word' id='word_1_11' title='bbox 448 804 560 865; x_wconf 91' lang='lat' dir='ltr'>Benko</span> <span class='ocrx_word' id='word_1_12' title='bbox 586 803 710 865; x_wconf 89' lang='lat' dir='ltr'>institor</span> <span class='ocrx_word' id='word_1_13' title='bbox 734 803 840 885; x_wconf 92' lang='lat' dir='ltr'>primo</span> <span class='ocrx_word' id='word_1_14' title='bbox 863 804 977 866; x_wconf 86' lang='lat' dir='ltr'>citatus</span> <span class='ocrx_word' id='word_1_15' title='bbox 998 817 1108 865; x_wconf 88' lang='lat' dir='ltr'>contra</span> <span class='ocrx_word' id='word_1_16' title='bbox 1133 803 1313 866; x_wconf 77' lang='lat' dir='ltr'>iohannem</span> <span class='ocrx_word' id='word_1_17' title='bbox 1338 803 1439 866; x_wconf 88' lang='lat' dir='ltr'>Pazar</span> <span class='ocrx_word' id='word_1_18' title='bbox 1456 824 1509 866; x_wconf 88' lang='lat' dir='ltr'>se·</span> 
     </span>
     <span class='ocr_line' id='line_1_4' title="bbox 240 909 1508 992; baseline 0.002 -23"><span class='ocrx_word' id='word_1_19' title='bbox 240 910 364 970; x_wconf 91' lang='lat' dir='ltr'>niorem</span> <span class='ocrx_word' id='word_1_20' title='bbox 382 909 520 991; x_wconf 84' lang='lat' dir='ltr'>juratum</span> <span class='ocrx_word' id='word_1_21' title='bbox 539 925 569 972; x_wconf 90' lang='lat' dir='ltr'>et</span> <span class='ocrx_word' id='word_1_22' title='bbox 586 910 752 971; x_wconf 81' lang='lat' dir='ltr'>concivem</span> <span class='ocrx_word' id='word_1_23' title='bbox 770 924 914 972; x_wconf 92' lang='lat' dir='ltr'>nostrum</span> <span class='ocrx_word' id='word_1_24' title='bbox 933 910 1061 972; x_wconf 80' lang='lat' dir='ltr'>racione</span> <span class='ocrx_word' id='word_1_25' title='bbox 1083 923 1243 972; x_wconf 86' lang='lat' dir='ltr'>certorum</span> <span class='ocrx_word' id='word_1_26' title='bbox 1260 910 1508 992; x_wconf 88' lang='lat' dir='ltr'>vituperiorum,</span> 
     </span>
     <span class='ocr_line' id='line_1_5' title="bbox 239 1017 1507 1099; baseline 0.001 -21"><span class='ocrx_word' id='word_1_27' title='bbox 239 1037 303 1077; x_wconf 93' lang='lat' dir='ltr'>non</span> <span class='ocrx_word' id='word_1_28' title='bbox 329 1018 509 1099; x_wconf 84' lang='lat' dir='ltr'>comparuit</span> <span class='ocrx_word' id='word_1_29' title='bbox 527 1019 557 1079; x_wconf 94' lang='lat' dir='ltr'>in</span> <span class='ocrx_word' id='word_1_30' title='bbox 584 1017 704 1098; x_wconf 84' lang='lat' dir='ltr'>judicio</span> <span class='ocrx_word' id='word_1_31' title='bbox 722 1037 830 1079; x_wconf 89' lang='lat' dir='ltr'>coram</span> <span class='ocrx_word' id='word_1_32' title='bbox 856 1018 950 1079; x_wconf 94' lang='lat' dir='ltr'>nobis</span> <span class='ocrx_word' id='word_1_33' title='bbox 966 1037 1071 1099; x_wconf 91' lang='lat' dir='ltr'>neque</span> <span class='ocrx_word' id='word_1_34' title='bbox 1095 1017 1239 1099; x_wconf 84' lang='lat' dir='ltr'><strong>aliquem</strong></span> <span class='ocrx_word' id='word_1_35' title='bbox 1263 1031 1507 1099; x_wconf 89' lang='lat' dir='ltr'>procuratorem</span> 
     </span>
     <span class='ocr_line' id='line_1_6' title="bbox 240 1125 475 1205; baseline 0.009 -21"><span class='ocrx_word' id='word_1_36' title='bbox 240 1143 296 1205; x_wconf 93' lang='lat' dir='ltr'>pro</span> <span class='ocrx_word' id='word_1_37' title='bbox 321 1144 354 1185; x_wconf 90' lang='lat' dir='ltr'>se</span> <span class='ocrx_word' id='word_1_38' title='bbox 379 1125 475 1187; x_wconf 88' lang='lat' dir='ltr'>misit.</span> 
     </span>
    </p>

    <p class='ocr_par' dir='ltr' id='par_1_3' title="bbox 237 1229 1507 2056">
     <span class='ocr_line' id='line_1_7' title="bbox 345 1229 1503 1312; baseline 0.002 -22"><span class='ocrx_word' id='word_1_39' title='bbox 345 1230 421 1291; x_wconf 82' lang='lat' dir='ltr'>Item</span> <span class='ocrx_word' id='word_1_40' title='bbox 446 1231 520 1312; x_wconf 91' lang='lat' dir='ltr'>quia</span> <span class='ocrx_word' id='word_1_41' title='bbox 546 1231 700 1292; x_wconf 89' lang='lat' dir='ltr'>discretus</span> <span class='ocrx_word' id='word_1_42' title='bbox 725 1231 772 1291; x_wconf 93' lang='lat' dir='ltr'>vir</span> <span class='ocrx_word' id='word_1_43' title='bbox 805 1230 956 1292; x_wconf 87' lang='lat' dir='ltr'>dominus</span> <span class='ocrx_word' id='word_1_44' title='bbox 981 1230 1118 1292; x_wconf 88' lang='lat' dir='ltr'>Mathias</span> <span class='ocrx_word' id='word_1_45' title='bbox 1149 1229 1266 1292; x_wconf 87' lang='lat' dir='ltr'>sutoris</span> <span class='ocrx_word' id='word_1_46' title='bbox 1290 1229 1405 1306; x_wconf 89' lang='lat' dir='ltr'>dictus,</span> <span class='ocrx_word' id='word_1_47' title='bbox 1430 1249 1503 1312; x_wconf 87' lang='lat' dir='ltr'>pre·</span> 
     </span>
     <span class='ocr_line' id='line_1_8' title="bbox 239 1336 1507 1421; baseline 0.001 -25"><span class='ocrx_word' id='word_1_48' title='bbox 239 1337 410 1397; x_wconf 90' lang='lat' dir='ltr'>bendarius</span> <span class='ocrx_word' id='word_1_49' title='bbox 435 1337 568 1399; x_wconf 81' lang='lat' dir='ltr'>ecclesie</span> <span class='ocrx_word' id='word_1_50' title='bbox 593 1337 818 1418; x_wconf 83' lang='lat' dir='ltr'>zagrabiensis,</span> <span class='ocrx_word' id='word_1_51' title='bbox 845 1336 1101 1421; x_wconf 88' lang='lat' dir='ltr'>Herwoyewych</span> <span class='ocrx_word' id='word_1_52' title='bbox 1130 1337 1244 1414; x_wconf 88' lang='lat' dir='ltr'>dictus,</span> <span class='ocrx_word' id='word_1_53' title='bbox 1269 1356 1304 1399; x_wconf 92' lang='lat' dir='ltr'>ac</span> <span class='ocrx_word' id='word_1_54' title='bbox 1323 1336 1507 1419; x_wconf 79' lang='lat' dir='ltr'>Stephanus</span> 
     </span>
     <span class='ocr_line' id='line_1_9' title="bbox 239 1441 1504 1521; baseline 0.002 -18"><span class='ocrx_word' id='word_1_55' title='bbox 239 1441 335 1504; x_wconf 83' lang='lat' dir='ltr'>frater</span> <span class='ocrx_word' id='word_1_56' title='bbox 359 1444 516 1521; x_wconf 91' lang='lat' dir='ltr'>eiusdem,</span> <span class='ocrx_word' id='word_1_57' title='bbox 548 1463 605 1504; x_wconf 88' lang='lat' dir='ltr'>nec</span> <span class='ocrx_word' id='word_1_58' title='bbox 631 1463 694 1504; x_wconf 91' lang='lat' dir='ltr'>non</span> <span class='ocrx_word' id='word_1_59' title='bbox 721 1444 806 1504; x_wconf 88' lang='lat' dir='ltr'>Rosa</span> <span class='ocrx_word' id='word_1_60' title='bbox 831 1463 920 1504; x_wconf 87' lang='lat' dir='ltr'>soror</span> <span class='ocrx_word' id='word_1_61' title='bbox 944 1442 1133 1506; x_wconf 89' lang='lat' dir='ltr'>eorumdem</span> <span class='ocrx_word' id='word_1_62' title='bbox 1159 1442 1323 1505; x_wconf 86' lang='lat' dir='ltr'>Thomam</span> <span class='ocrx_word' id='word_1_63' title='bbox 1347 1458 1504 1520; x_wconf 87' lang='lat' dir='ltr'>autorem,</span> 
     </span>
     <span class='ocr_line' id='line_1_10' title="bbox 237 1549 1505 1627; baseline 0.002 -18"><span class='ocrx_word' id='word_1_64' title='bbox 237 1569 451 1610; x_wconf 86' lang='lat' dir='ltr'>successorem</span> <span class='ocrx_word' id='word_1_65' title='bbox 478 1549 614 1610; x_wconf 89' lang='lat' dir='ltr'>condam</span> <span class='ocrx_word' id='word_1_66' title='bbox 641 1549 812 1610; x_wconf 89' lang='lat' dir='ltr'>Francisco</span> <span class='ocrx_word' id='word_1_67' title='bbox 836 1549 953 1610; x_wconf 90' lang='lat' dir='ltr'>sutoris</span> <span class='ocrx_word' id='word_1_68' title='bbox 977 1549 1056 1611; x_wconf 91' lang='lat' dir='ltr'>olim</span> <span class='ocrx_word' id='word_1_69' title='bbox 1074 1549 1216 1610; x_wconf 89' lang='lat' dir='ltr'>concivis</span> <span class='ocrx_word' id='word_1_70' title='bbox 1239 1549 1349 1627; x_wconf 86' lang='lat' dir='ltr'>nostri,</span> <span class='ocrx_word' id='word_1_71' title='bbox 1375 1549 1505 1611; x_wconf 79' lang='lat' dir='ltr'>racione</span> 
     </span>
     <span class='ocr_line' id='line_1_11' title="bbox 238 1654 1505 1738; baseline 0.002 -23"><span class='ocrx_word' id='word_1_72' title='bbox 238 1657 429 1736; x_wconf 86' lang='lat' dir='ltr'>suspicionis</span> <span class='ocrx_word' id='word_1_73' title='bbox 454 1655 566 1717; x_wconf 89' lang='lat' dir='ltr'>mortis</span> <span class='ocrx_word' id='word_1_74' title='bbox 591 1656 753 1716; x_wconf 86' lang='lat' dir='ltr'>Dorotbee</span> <span class='ocrx_word' id='word_1_75' title='bbox 778 1654 896 1716; x_wconf 91' lang='lat' dir='ltr'>sororis</span> <span class='ocrx_word' id='word_1_76' title='bbox 928 1655 1129 1733; x_wconf 90' lang='lat' dir='ltr'>eorumdem,</span> <span class='ocrx_word' id='word_1_77' title='bbox 1153 1654 1186 1716; x_wconf 95' lang='lat' dir='ltr'>in</span> <span class='ocrx_word' id='word_1_78' title='bbox 1211 1655 1355 1738; x_wconf 90' lang='lat' dir='ltr'>ipsorum</span> <span class='ocrx_word' id='word_1_79' title='bbox 1379 1668 1410 1716; x_wconf 89' lang='lat' dir='ltr'>et</span> <span class='ocrx_word' id='word_1_80' title='bbox 1434 1674 1505 1717; x_wconf 91' lang='lat' dir='ltr'>orn·</span> 
     </span>
     <span class='ocr_line' id='line_1_12' title="bbox 240 1760 1506 1844; baseline 0 -21"><span class='ocrx_word' id='word_1_81' title='bbox 240 1765 330 1824; x_wconf 93' lang='lat' dir='ltr'>nium</span> <span class='ocrx_word' id='word_1_82' title='bbox 364 1762 495 1825; x_wconf 85' lang='lat' dir='ltr'>fratrum</span> <span class='ocrx_word' id='word_1_83' title='bbox 528 1776 558 1823; x_wconf 92' lang='lat' dir='ltr'>et</span> <span class='ocrx_word' id='word_1_84' title='bbox 590 1762 810 1844; x_wconf 90' lang='lat' dir='ltr'>proximorum</span> <span class='ocrx_word' id='word_1_85' title='bbox 844 1761 1033 1822; x_wconf 91' lang='lat' dir='ltr'>eorumdem</span> <span class='ocrx_word' id='word_1_86' title='bbox 1065 1761 1206 1842; x_wconf 88' lang='lat' dir='ltr'>quittum</span> <span class='ocrx_word' id='word_1_87' title='bbox 1242 1760 1452 1823; x_wconf 86' lang='lat' dir='ltr'>reddiderunt</span> <span class='ocrx_word' id='word_1_88' title='bbox 1473 1775 1506 1823; x_wconf 90' lang='lat' dir='ltr'>et</span> 
     </span>
     <span class='ocr_line' id='line_1_13' title="bbox 239 1867 1505 1950; baseline 0 -20"><span class='ocrx_word' id='word_1_89' title='bbox 239 1871 454 1947; x_wconf 90' lang='lat' dir='ltr'>innocentem,</span> <span class='ocrx_word' id='word_1_90' title='bbox 479 1889 537 1929; x_wconf 91' lang='lat' dir='ltr'>nec</span> <span class='ocrx_word' id='word_1_91' title='bbox 561 1869 666 1950; x_wconf 92' lang='lat' dir='ltr'>ipsum</span> <span class='ocrx_word' id='word_1_92' title='bbox 692 1883 722 1928; x_wconf 90' lang='lat' dir='ltr'>et</span> <span class='ocrx_word' id='word_1_93' title='bbox 747 1888 821 1929; x_wconf 87' lang='lat' dir='ltr'>suos</span> <span class='ocrx_word' id='word_1_94' title='bbox 845 1867 979 1929; x_wconf 91' lang='lat' dir='ltr'>heredes</span> <span class='ocrx_word' id='word_1_95' title='bbox 1008 1868 1135 1929; x_wconf 86' lang='lat' dir='ltr'>racione</span> <span class='ocrx_word' id='word_1_96' title='bbox 1160 1867 1269 1950; x_wconf 88' lang='lat' dir='ltr'>previa</span> <span class='ocrx_word' id='word_1_97' title='bbox 1294 1867 1378 1929; x_wconf 88' lang='lat' dir='ltr'>velle</span> <span class='ocrx_word' id='word_1_98' title='bbox 1403 1868 1505 1950; x_wconf 86' lang='lat' dir='ltr'>impe·</span> 
     </span>
     <span class='ocr_line' id='line_1_14' title="bbox 238 1973 841 2056; baseline -0.002 -20"><span class='ocrx_word' id='word_1_99' title='bbox 238 1976 305 2036; x_wconf 89' lang='lat' dir='ltr'>dire</span> <span class='ocrx_word' id='word_1_100' title='bbox 331 1990 385 2036; x_wconf 89' lang='lat' dir='ltr'>aut</span> <span class='ocrx_word' id='word_1_101' title='bbox 410 1976 440 2035; x_wconf 95' lang='lat' dir='ltr'>in</span> <span class='ocrx_word' id='word_1_102' title='bbox 466 1976 576 2055; x_wconf 89' lang='lat' dir='ltr'>aliquo</span> <span class='ocrx_word' id='word_1_103' title='bbox 602 1973 841 2056; x_wconf 85' lang='lat' dir='ltr'>dampnificare.</span> 
     </span>
    </p>

    <p class='ocr_par' dir='ltr' id='par_1_4' title="bbox 237 2074 1515 3225">
     <span class='ocr_line' id='line_1_15' title="bbox 344 2074 1515 2164; baseline 0 -21"><span class='ocrx_word' id='word_1_104' title='bbox 344 2083 420 2145; x_wconf 91' lang='lat' dir='ltr'>ltem</span> <span class='ocrx_word' id='word_1_105' title='bbox 446 2083 578 2163; x_wconf 91' lang='lat' dir='ltr'>quidam</span> <span class='ocrx_word' id='word_1_106' title='bbox 603 2081 702 2162; x_wconf 83' lang='lat' dir='ltr'>lurgh</span> <span class='ocrx_word' id='word_1_107' title='bbox 728 2081 928 2142; x_wconf 91' lang='lat' dir='ltr'>Teutonicus</span> <span class='ocrx_word' id='word_1_108' title='bbox 949 2082 988 2141; x_wconf 95' lang='lat' dir='ltr'>de</span> <span class='ocrx_word' id='word_1_109' title='bbox 1007 2081 1114 2164; x_wconf 90' lang='lat' dir='ltr'>Halyn</span> <span class='ocrx_word' id='word_1_110' title='bbox 1140 2101 1240 2164; x_wconf 91' lang='lat' dir='ltr'>prope</span> <span class='ocrx_word' id='word_1_111' title='bbox 1261 2074 1515 2164; x_wconf 82' lang='lat' dir='ltr'>Salczpurgam,¹</span> 
     </span>
     <span class='ocr_line' id='line_1_16' title="bbox 238 2188 1503 2250; baseline -0.002 0"><span class='ocrx_word' id='word_1_112' title='bbox 238 2190 316 2250; x_wconf 82' lang='lat' dir='ltr'>dixit</span> <span class='ocrx_word' id='word_1_113' title='bbox 341 2203 371 2250; x_wconf 90' lang='lat' dir='ltr'>et</span> <span class='ocrx_word' id='word_1_114' title='bbox 396 2188 496 2249; x_wconf 86' lang='lat' dir='ltr'>lassus</span> <span class='ocrx_word' id='word_1_115' title='bbox 527 2203 573 2249; x_wconf 88' lang='lat' dir='ltr'>est</span> <span class='ocrx_word' id='word_1_116' title='bbox 597 2189 628 2249; x_wconf 95' lang='lat' dir='ltr'>in</span> <span class='ocrx_word' id='word_1_117' title='bbox 662 2188 805 2248; x_wconf 86' lang='lat' dir='ltr'>martirio</span> <span class='ocrx_word' id='word_1_118' title='bbox 838 2200 868 2248; x_wconf 88' lang='lat' dir='ltr'>et</span> <span class='ocrx_word' id='word_1_119' title='bbox 898 2188 998 2248; x_wconf 90' lang='lat' dir='ltr'>eciam</span> <span class='ocrx_word' id='word_1_120' title='bbox 1024 2188 1055 2248; x_wconf 96' lang='lat' dir='ltr'>in</span> <span class='ocrx_word' id='word_1_121' title='bbox 1088 2188 1279 2249; x_wconf 88' lang='lat' dir='ltr'>consistorio</span> <span class='ocrx_word' id='word_1_122' title='bbox 1304 2207 1411 2249; x_wconf 90' lang='lat' dir='ltr'>coram</span> <span class='ocrx_word' id='word_1_123' title='bbox 1435 2201 1503 2248; x_wconf 89' lang='lat' dir='ltr'>tota</span> 
     </span>
     <span class='ocr_line' id='line_1_17' title="bbox 238 2293 1503 2375; baseline 0 -19"><span class='ocrx_word' id='word_1_124' title='bbox 238 2296 469 2356; x_wconf 82' lang='lat' dir='ltr'>communitate</span> <span class='ocrx_word' id='word_1_125' title='bbox 494 2295 576 2355; x_wconf 91' lang='lat' dir='ltr'>dicte</span> <span class='ocrx_word' id='word_1_126' title='bbox 603 2294 749 2372; x_wconf 89' lang='lat' dir='ltr'>civitatis,</span> <span class='ocrx_word' id='word_1_127' title='bbox 774 2295 861 2374; x_wconf 93' lang='lat' dir='ltr'>quod</span> <span class='ocrx_word' id='word_1_128' title='bbox 892 2293 1080 2355; x_wconf 84' lang='lat' dir='ltr'>fabrificavit</span> <span class='ocrx_word' id='word_1_129' title='bbox 1104 2293 1220 2355; x_wconf 88' lang='lat' dir='ltr'>lalsum</span> <span class='ocrx_word' id='word_1_130' title='bbox 1244 2307 1412 2375; x_wconf 83' lang='lat' dir='ltr'>argentum</span> <span class='ocrx_word' id='word_1_131' title='bbox 1428 2313 1503 2356; x_wconf 88' lang='lat' dir='ltr'>curn</span> 
     </span>
     <span class='ocr_line' id='line_1_18' title="bbox 240 2400 1500 2481; baseline 0.001 -20"><span class='ocrx_word' id='word_1_132' title='bbox 240 2402 382 2479; x_wconf 83' lang='lat' dir='ltr'>salvitto,</span> <span class='ocrx_word' id='word_1_133' title='bbox 406 2416 437 2461; x_wconf 88' lang='lat' dir='ltr'>et</span> <span class='ocrx_word' id='word_1_134' title='bbox 461 2421 532 2462; x_wconf 90' lang='lat' dir='ltr'>cum</span> <span class='ocrx_word' id='word_1_135' title='bbox 552 2400 731 2461; x_wconf 87' lang='lat' dir='ltr'>Cristoloro</span> <span class='ocrx_word' id='word_1_136' title='bbox 755 2401 903 2462; x_wconf 91' lang='lat' dir='ltr'>sellatore</span> <span class='ocrx_word' id='word_1_137' title='bbox 921 2400 1114 2461; x_wconf 88' lang='lat' dir='ltr'>circumcisit</span> <span class='ocrx_word' id='word_1_138' title='bbox 1135 2413 1297 2462; x_wconf 84' lang='lat' dir='ltr'>monetam</span> <span class='ocrx_word' id='word_1_139' title='bbox 1315 2413 1346 2461; x_wconf 91' lang='lat' dir='ltr'>et</span> <span class='ocrx_word' id='word_1_140' title='bbox 1362 2420 1500 2481; x_wconf 83' lang='lat' dir='ltr'>grossos,</span> 
     </span>
     <span class='ocr_line' id='line_1_19' title="bbox 237 2504 1501 2587; baseline 0 -19"><span class='ocrx_word' id='word_1_141' title='bbox 237 2521 267 2569; x_wconf 93' lang='lat' dir='ltr'>et</span> <span class='ocrx_word' id='word_1_142' title='bbox 291 2508 391 2568; x_wconf 88' lang='lat' dir='ltr'>eciam</span> <span class='ocrx_word' id='word_1_143' title='bbox 409 2507 487 2567; x_wconf 92' lang='lat' dir='ltr'>dixit</span> <span class='ocrx_word' id='word_1_144' title='bbox 501 2506 587 2587; x_wconf 90' lang='lat' dir='ltr'>quod</span> <span class='ocrx_word' id='word_1_145' title='bbox 602 2507 682 2567; x_wconf 91' lang='lat' dir='ltr'>cusit</span> <span class='ocrx_word' id='word_1_146' title='bbox 698 2505 795 2568; x_wconf 81' lang='lat' dir='ltr'>falsos</span> <span class='ocrx_word' id='word_1_147' title='bbox 812 2505 951 2568; x_wconf 88' lang='lat' dir='ltr'>florenos</span> <span class='ocrx_word' id='word_1_148' title='bbox 963 2520 1028 2567; x_wconf 89' lang='lat' dir='ltr'>tam</span> <span class='ocrx_word' id='word_1_149' title='bbox 1046 2504 1268 2587; x_wconf 80' lang='lat' dir='ltr'>hungaricales</span> <span class='ocrx_word' id='word_1_150' title='bbox 1286 2525 1384 2587; x_wconf 87' lang='lat' dir='ltr'>quarn</span> <span class='ocrx_word' id='word_1_151' title='bbox 1402 2525 1501 2568; x_wconf 84' lang='lat' dir='ltr'>vene·</span> 
     </span>
     <span class='ocr_line' id='line_1_20' title="bbox 240 2611 1503 2689; baseline 0.002 -16"><span class='ocrx_word' id='word_1_152' title='bbox 240 2614 345 2689; x_wconf 86' lang='lat' dir='ltr'>ciales,</span> <span class='ocrx_word' id='word_1_153' title='bbox 370 2628 400 2673; x_wconf 85' lang='lat' dir='ltr'>et</span> <span class='ocrx_word' id='word_1_154' title='bbox 423 2613 512 2688; x_wconf 82' lang='lat' dir='ltr'>dixit,</span> <span class='ocrx_word' id='word_1_155' title='bbox 537 2613 596 2673; x_wconf 92' lang='lat' dir='ltr'>sibi</span> <span class='ocrx_word' id='word_1_156' title='bbox 615 2613 715 2673; x_wconf 89' lang='lat' dir='ltr'>serius</span> <span class='ocrx_word' id='word_1_157' title='bbox 740 2613 771 2673; x_wconf 94' lang='lat' dir='ltr'>in</span> <span class='ocrx_word' id='word_1_158' title='bbox 795 2611 1020 2673; x_wconf 89' lang='lat' dir='ltr'>lalsilicacione</span> <span class='ocrx_word' id='word_1_159' title='bbox 1046 2627 1077 2674; x_wconf 93' lang='lat' dir='ltr'>et</span> <span class='ocrx_word' id='word_1_160' title='bbox 1100 2612 1231 2673; x_wconf 88' lang='lat' dir='ltr'>cusione</span> <span class='ocrx_word' id='word_1_161' title='bbox 1257 2611 1452 2674; x_wconf 89' lang='lat' dir='ltr'>florenorum</span> <span class='ocrx_word' id='word_1_162' title='bbox 1472 2626 1503 2675; x_wconf 89' lang='lat' dir='ltr'>et</span> 
     </span>
     <span class='ocr_line' id='line_1_21' title="bbox 237 2717 1504 2801; baseline 0.002 -23"><span class='ocrx_word' id='word_1_163' title='bbox 237 2720 463 2801; x_wconf 90' lang='lat' dir='ltr'>peccuniarum</span> <span class='ocrx_word' id='word_1_164' title='bbox 479 2719 612 2779; x_wconf 89' lang='lat' dir='ltr'>aliarum</span> <span class='ocrx_word' id='word_1_165' title='bbox 629 2719 802 2798; x_wconf 87' lang='lat' dir='ltr'>quemdam</span> <span class='ocrx_word' id='word_1_166' title='bbox 818 2719 907 2780; x_wconf 90' lang='lat' dir='ltr'>Hans</span> <span class='ocrx_word' id='word_1_167' title='bbox 921 2718 960 2778; x_wconf 92' lang='lat' dir='ltr'>de</span> <span class='ocrx_word' id='word_1_168' title='bbox 975 2719 1133 2779; x_wconf 85' lang='lat' dir='ltr'>Zamabot</span> <span class='ocrx_word' id='word_1_169' title='bbox 1150 2733 1181 2779; x_wconf 91' lang='lat' dir='ltr'>et</span> <span class='ocrx_word' id='word_1_170' title='bbox 1194 2719 1367 2800; x_wconf 89' lang='lat' dir='ltr'>quemdam</span> <span class='ocrx_word' id='word_1_171' title='bbox 1385 2717 1504 2781; x_wconf 87' lang='lat' dir='ltr'>Osual-</span> 
     </span>
     <span class='ocr_line' id='line_1_22' title="bbox 238 2824 1505 2906; baseline 0.002 -21"><span class='ocrx_word' id='word_1_172' title='bbox 238 2826 314 2886; x_wconf 89' lang='lat' dir='ltr'>dum</span> <span class='ocrx_word' id='word_1_173' title='bbox 341 2825 511 2906; x_wconf 85' lang='lat' dir='ltr'>pellificem</span> <span class='ocrx_word' id='word_1_174' title='bbox 531 2826 569 2884; x_wconf 95' lang='lat' dir='ltr'>de</span> <span class='ocrx_word' id='word_1_175' title='bbox 597 2825 831 2906; x_wconf 85' lang='lat' dir='ltr'>Syhymbergh,</span> <span class='ocrx_word' id='word_1_176' title='bbox 854 2826 908 2906; x_wconf 89' lang='lat' dir='ltr'>qui</span> <span class='ocrx_word' id='word_1_177' title='bbox 933 2824 1031 2905; x_wconf 86' lang='lat' dir='ltr'>Jurgh</span> <span class='ocrx_word' id='word_1_178' title='bbox 1051 2824 1243 2905; x_wconf 79' lang='lat' dir='ltr'>periuratos</span> <span class='ocrx_word' id='word_1_179' title='bbox 1268 2824 1350 2886; x_wconf 90' lang='lat' dir='ltr'>dicte</span> <span class='ocrx_word' id='word_1_180' title='bbox 1368 2825 1505 2887; x_wconf 87' lang='lat' dir='ltr'>civitatis</span> 
     </span>
     <span class='ocr_line' id='line_1_23' title="bbox 237 2931 1503 3012; baseline 0.003 -23"><span class='ocrx_word' id='word_1_181' title='bbox 237 2945 365 3011; x_wconf 89' lang='lat' dir='ltr'>propter</span> <span class='ocrx_word' id='word_1_182' title='bbox 389 2951 444 2991; x_wconf 92' lang='lat' dir='ltr'>sua</span> <span class='ocrx_word' id='word_1_183' title='bbox 471 2931 624 2991; x_wconf 87' lang='lat' dir='ltr'>demerita</span> <span class='ocrx_word' id='word_1_184' title='bbox 643 2946 689 2991; x_wconf 89' lang='lat' dir='ltr'>est</span> <span class='ocrx_word' id='word_1_185' title='bbox 712 2932 912 3010; x_wconf 74' lang='lat' dir='ltr'>adiudicatus</span> <span class='ocrx_word' id='word_1_186' title='bbox 937 2931 1095 3012; x_wconf 86' lang='lat' dir='ltr'>supplicio</span> <span class='ocrx_word' id='word_1_187' title='bbox 1113 2951 1168 2992; x_wconf 90' lang='lat' dir='ltr'>seu</span> <span class='ocrx_word' id='word_1_188' title='bbox 1195 2931 1345 2993; x_wconf 92' lang='lat' dir='ltr'>incendio</span> <span class='ocrx_word' id='word_1_189' title='bbox 1362 2931 1445 3012; x_wconf 79' lang='lat' dir='ltr'>ignis</span> <span class='ocrx_word' id='word_1_190' title='bbox 1470 2931 1503 2993; x_wconf 94' lang='lat' dir='ltr'>in</span> 
     </span>
     <span class='ocr_line' id='line_1_24' title="bbox 237 3036 1503 3107; baseline 0.001 -9"><span class='ocrx_word' id='word_1_191' title='bbox 237 3037 308 3098; x_wconf 93' lang='lat' dir='ltr'>loco</span> <span class='ocrx_word' id='word_1_192' title='bbox 333 3038 428 3097; x_wconf 90' lang='lat' dir='ltr'>solito</span> <span class='ocrx_word' id='word_1_193' title='bbox 454 3037 534 3097; x_wconf 90' lang='lat' dir='ltr'>dicte</span> <span class='ocrx_word' id='word_1_194' title='bbox 554 3037 705 3107; x_wconf 71' lang='lat' dir='ltr'>civitatis:</span> <span class='ocrx_word' id='word_1_195' title='bbox 725 3053 754 3098; x_wconf 93' lang='lat' dir='ltr'>et</span> <span class='ocrx_word' id='word_1_196' title='bbox 779 3038 879 3099; x_wconf 88' lang='lat' dir='ltr'>eciam</span> <span class='ocrx_word' id='word_1_197' title='bbox 898 3038 977 3098; x_wconf 81' lang='lat' dir='ltr'>dixit</span> <span class='ocrx_word' id='word_1_198' title='bbox 1000 3038 1059 3098; x_wconf 91' lang='lat' dir='ltr'>sibi</span> <span class='ocrx_word' id='word_1_199' title='bbox 1084 3038 1205 3098; x_wconf 89' lang='lat' dir='ltr'>socium</span> <span class='ocrx_word' id='word_1_200' title='bbox 1226 3039 1380 3099; x_wconf 86' lang='lat' dir='ltr'>Jacobum</span> <span class='ocrx_word' id='word_1_201' title='bbox 1406 3036 1503 3099; x_wconf 85' lang='lat' dir='ltr'>freni·</span> 
     </span>
     <span class='ocr_line' id='line_1_25' title="bbox 239 3144 1503 3225; baseline 0.002 -21"><span class='ocrx_word' id='word_1_202' title='bbox 239 3165 346 3225; x_wconf 89' lang='lat' dir='ltr'>parem</span> <span class='ocrx_word' id='word_1_203' title='bbox 372 3145 457 3225; x_wconf 90' lang='lat' dir='ltr'>apud</span> <span class='ocrx_word' id='word_1_204' title='bbox 484 3145 648 3225; x_wconf 78' lang='lat' dir='ltr'>Duymum</span> <span class='ocrx_word' id='word_1_205' title='bbox 681 3146 831 3205; x_wconf 90' lang='lat' dir='ltr'>comitem</span> <span class='ocrx_word' id='word_1_206' title='bbox 857 3146 887 3204; x_wconf 93' lang='lat' dir='ltr'>in</span> <span class='ocrx_word' id='word_1_207' title='bbox 914 3145 993 3207; x_wconf 91' lang='lat' dir='ltr'>Slun</span> <span class='ocrx_word' id='word_1_208' title='bbox 1019 3160 1048 3205; x_wconf 94' lang='lat' dir='ltr'>et</span> <span class='ocrx_word' id='word_1_209' title='bbox 1073 3165 1145 3205; x_wconf 90' lang='lat' dir='ltr'>curn</span> <span class='ocrx_word' id='word_1_210' title='bbox 1172 3144 1261 3205; x_wconf 90' lang='lat' dir='ltr'>Hans</span> <span class='ocrx_word' id='word_1_211' title='bbox 1279 3146 1309 3204; x_wconf 95' lang='lat' dir='ltr'>in</span> <span class='ocrx_word' id='word_1_212' title='bbox 1337 3144 1503 3207; x_wconf 88' lang='lat' dir='ltr'>Samabor.</span> 
     </span>
    </p>

    <p class='ocr_par' dir='ltr' id='par_1_5' title="bbox 236 3250 1501 3757">
     <span class='ocr_line' id='line_1_26' title="bbox 343 3250 1497 3333; baseline 0.002 -22"><span class='ocrx_word' id='word_1_213' title='bbox 343 3251 421 3311; x_wconf 91' lang='lat' dir='ltr'>ltem</span> <span class='ocrx_word' id='word_1_214' title='bbox 448 3250 636 3311; x_wconf 89' lang='lat' dir='ltr'>Valentinus</span> <span class='ocrx_word' id='word_1_215' title='bbox 654 3250 919 3333; x_wconf 82' lang='lat' dir='ltr'>Thergovvchych</span> <span class='ocrx_word' id='word_1_216' title='bbox 937 3270 1010 3311; x_wconf 91' lang='lat' dir='ltr'>cum</span> <span class='ocrx_word' id='word_1_217' title='bbox 1028 3271 1126 3311; x_wconf 86' lang='lat' dir='ltr'>uxore</span> <span class='ocrx_word' id='word_1_218' title='bbox 1151 3271 1206 3311; x_wconf 90' lang='lat' dir='ltr'>sua</span> <span class='ocrx_word' id='word_1_219' title='bbox 1232 3250 1360 3312; x_wconf 89' lang='lat' dir='ltr'>Cranda</span> <span class='ocrx_word' id='word_1_220' title='bbox 1385 3266 1497 3313; x_wconf 88' lang='lat' dir='ltr'>vocata</span> 
     </span>
     <span class='ocr_line' id='line_1_27' title="bbox 236 3355 1492 3437; baseline 0.002 -21"><span class='ocrx_word' id='word_1_221' title='bbox 236 3369 281 3417; x_wconf 89' lang='lat' dir='ltr'>est</span> <span class='ocrx_word' id='word_1_222' title='bbox 305 3356 513 3437; x_wconf 86' lang='lat' dir='ltr'>reprehensus</span> <span class='ocrx_word' id='word_1_223' title='bbox 538 3357 568 3416; x_wconf 92' lang='lat' dir='ltr'>in</span> <span class='ocrx_word' id='word_1_224' title='bbox 594 3355 755 3418; x_wconf 85' lang='lat' dir='ltr'>lurticinio</span> <span class='ocrx_word' id='word_1_225' title='bbox 781 3377 931 3417; x_wconf 89' lang='lat' dir='ltr'>aucarum</span> <span class='ocrx_word' id='word_1_226' title='bbox 957 3357 1135 3418; x_wconf 86' lang='lat' dir='ltr'>Clementis</span> <span class='ocrx_word' id='word_1_227' title='bbox 1162 3358 1317 3437; x_wconf 86' lang='lat' dir='ltr'>Hungari,</span> <span class='ocrx_word' id='word_1_228' title='bbox 1344 3357 1492 3419; x_wconf 89' lang='lat' dir='ltr'>moderni</span> 
     </span>
     <span class='ocr_line' id='line_1_28' title="bbox 240 3462 1501 3546; baseline 0.002 -22"><span class='ocrx_word' id='word_1_229' title='bbox 240 3464 344 3541; x_wconf 81' lang='lat' dir='ltr'>jurati,</span> <span class='ocrx_word' id='word_1_230' title='bbox 368 3478 513 3543; x_wconf 89' lang='lat' dir='ltr'>tempore</span> <span class='ocrx_word' id='word_1_231' title='bbox 539 3463 695 3540; x_wconf 82' lang='lat' dir='ltr'>judicatus</span> <span class='ocrx_word' id='word_1_232' title='bbox 720 3463 848 3524; x_wconf 88' lang='lat' dir='ltr'>Thome</span> <span class='ocrx_word' id='word_1_233' title='bbox 874 3462 1041 3544; x_wconf 84' lang='lat' dir='ltr'>freniparis</span> <span class='ocrx_word' id='word_1_234' title='bbox 1058 3484 1143 3524; x_wconf 91' lang='lat' dir='ltr'>anno</span> <span class='ocrx_word' id='word_1_235' title='bbox 1168 3464 1313 3545; x_wconf 85' lang='lat' dir='ltr'>proxime</span> <span class='ocrx_word' id='word_1_236' title='bbox 1339 3465 1501 3546; x_wconf 87' lang='lat' dir='ltr'>preterito,</span> 
     </span>
     <span class='ocr_line' id='line_1_29' title="bbox 236 3568 1500 3651; baseline 0.002 -21"><span class='ocrx_word' id='word_1_237' title='bbox 236 3571 291 3650; x_wconf 92' lang='lat' dir='ltr'>qui</span> <span class='ocrx_word' id='word_1_238' title='bbox 316 3570 506 3630; x_wconf 87' lang='lat' dir='ltr'>Valentinus</span> <span class='ocrx_word' id='word_1_239' title='bbox 543 3570 641 3629; x_wconf 87' lang='lat' dir='ltr'>evasit</span> <span class='ocrx_word' id='word_1_240' title='bbox 675 3585 804 3651; x_wconf 89' lang='lat' dir='ltr'>propter</span> <span class='ocrx_word' id='word_1_241' title='bbox 835 3569 1020 3630; x_wconf 88' lang='lat' dir='ltr'>huiusmodi</span> <span class='ocrx_word' id='word_1_242' title='bbox 1055 3568 1174 3631; x_wconf 84' lang='lat' dir='ltr'>lurtum</span> <span class='ocrx_word' id='word_1_243' title='bbox 1207 3570 1246 3630; x_wconf 89' lang='lat' dir='ltr'>de</span> <span class='ocrx_word' id='word_1_244' title='bbox 1279 3570 1346 3651; x_wconf 90' lang='lat' dir='ltr'>ipsa</span> <span class='ocrx_word' id='word_1_245' title='bbox 1371 3570 1500 3632; x_wconf 88' lang='lat' dir='ltr'>civitate</span> 
     </span>
     <span class='ocr_line' id='line_1_30' title="bbox 238 3677 802 3757; baseline 0.002 -20"><span class='ocrx_word' id='word_1_246' title='bbox 238 3696 309 3737; x_wconf 91' lang='lat' dir='ltr'>cum</span> <span class='ocrx_word' id='word_1_247' title='bbox 336 3697 433 3737; x_wconf 84' lang='lat' dir='ltr'>uxore</span> <span class='ocrx_word' id='word_1_248' title='bbox 458 3698 525 3753; x_wconf 91' lang='lat' dir='ltr'>sua,</span> <span class='ocrx_word' id='word_1_249' title='bbox 551 3677 668 3757; x_wconf 90' lang='lat' dir='ltr'>quibus</span> <span class='ocrx_word' id='word_1_250' title='bbox 693 3680 802 3750; x_wconf 81' lang='lat' dir='ltr'>(deest).</span> 
     </span>
    </p>

    <p class='ocr_par' dir='ltr' id='par_1_6' title="bbox 236 3782 1501 4185">
     <span class='ocr_line' id='line_1_31' title="bbox 345 3782 1501 3866; baseline 0.003 -24"><span class='ocrx_word' id='word_1_251' title='bbox 345 3784 421 3843; x_wconf 92' lang='lat' dir='ltr'>ltem</span> <span class='ocrx_word' id='word_1_252' title='bbox 448 3784 645 3844; x_wconf 88' lang='lat' dir='ltr'>Cristolorus</span> <span class='ocrx_word' id='word_1_253' title='bbox 662 3784 791 3865; x_wconf 89' lang='lat' dir='ltr'>sellipar</span> <span class='ocrx_word' id='word_1_254' title='bbox 814 3782 873 3844; x_wconf 85' lang='lat' dir='ltr'>luit</span> <span class='ocrx_word' id='word_1_255' title='bbox 899 3799 1041 3866; x_wconf 89' lang='lat' dir='ltr'>repertus</span> <span class='ocrx_word' id='word_1_256' title='bbox 1059 3786 1089 3845; x_wconf 90' lang='lat' dir='ltr'>in</span> <span class='ocrx_word' id='word_1_257' title='bbox 1115 3785 1294 3846; x_wconf 90' lang='lat' dir='ltr'>abscisione</span> <span class='ocrx_word' id='word_1_258' title='bbox 1316 3804 1501 3864; x_wconf 85' lang='lat' dir='ltr'>grossorum</span> 
     </span>
     <span class='ocr_line' id='line_1_32' title="bbox 238 3889 1498 3972; baseline 0.002 -22"><span class='ocrx_word' id='word_1_259' title='bbox 238 3905 267 3952; x_wconf 88' lang='lat' dir='ltr'>et</span> <span class='ocrx_word' id='word_1_260' title='bbox 292 3891 393 3950; x_wconf 86' lang='lat' dir='ltr'>eciam</span> <span class='ocrx_word' id='word_1_261' title='bbox 420 3891 449 3951; x_wconf 91' lang='lat' dir='ltr'>in</span> <span class='ocrx_word' id='word_1_262' title='bbox 476 3891 644 3971; x_wconf 89' lang='lat' dir='ltr'>empcione</span> <span class='ocrx_word' id='word_1_263' title='bbox 668 3889 819 3951; x_wconf 79' lang='lat' dir='ltr'>salsorum</span> <span class='ocrx_word' id='word_1_264' title='bbox 844 3890 1053 3969; x_wconf 84' lang='lat' dir='ltr'>florenorum,</span> <span class='ocrx_word' id='word_1_265' title='bbox 1078 3892 1132 3971; x_wconf 90' lang='lat' dir='ltr'>qui</span> <span class='ocrx_word' id='word_1_266' title='bbox 1158 3905 1286 3972; x_wconf 91' lang='lat' dir='ltr'>propter</span> <span class='ocrx_word' id='word_1_267' title='bbox 1310 3889 1498 3952; x_wconf 91' lang='lat' dir='ltr'>huiusmodi</span> 
     </span>
     <span class='ocr_line' id='line_1_33' title="bbox 236 3998 1496 4081; baseline 0 -22"><span class='ocrx_word' id='word_1_268' title='bbox 236 3999 421 4060; x_wconf 86' lang='lat' dir='ltr'>scissionem</span> <span class='ocrx_word' id='word_1_269' title='bbox 448 3998 587 4079; x_wconf 86' lang='lat' dir='ltr'>ipsarum</span> <span class='ocrx_word' id='word_1_270' title='bbox 614 3999 840 4078; x_wconf 87' lang='lat' dir='ltr'>peccuniarum</span> <span class='ocrx_word' id='word_1_271' title='bbox 867 4000 965 4060; x_wconf 91' lang='lat' dir='ltr'>evasit</span> <span class='ocrx_word' id='word_1_272' title='bbox 983 4000 1021 4060; x_wconf 89' lang='lat' dir='ltr'>de</span> <span class='ocrx_word' id='word_1_273' title='bbox 1047 4000 1112 4081; x_wconf 92' lang='lat' dir='ltr'>ipsa</span> <span class='ocrx_word' id='word_1_274' title='bbox 1136 4000 1273 4077; x_wconf 85' lang='lat' dir='ltr'>civitate,</span> <span class='ocrx_word' id='word_1_275' title='bbox 1299 4000 1388 4060; x_wconf 89' lang='lat' dir='ltr'>cuius</span> <span class='ocrx_word' id='word_1_276' title='bbox 1406 4002 1496 4060; x_wconf 85' lang='lat' dir='ltr'>uxori</span> 
     </span>
     <span class='ocr_line' id='line_1_34' title="bbox 239 4104 1157 4185; baseline 0.001 -20"><span class='ocrx_word' id='word_1_277' title='bbox 239 4104 363 4165; x_wconf 86' lang='lat' dir='ltr'>mansio</span> <span class='ocrx_word' id='word_1_278' title='bbox 388 4119 418 4163; x_wconf 91' lang='lat' dir='ltr'>et</span> <span class='ocrx_word' id='word_1_279' title='bbox 444 4104 592 4163; x_wconf 91' lang='lat' dir='ltr'>introitus</span> <span class='ocrx_word' id='word_1_280' title='bbox 617 4104 714 4184; x_wconf 89' lang='lat' dir='ltr'>ipsius</span> <span class='ocrx_word' id='word_1_281' title='bbox 738 4104 873 4165; x_wconf 85' lang='lat' dir='ltr'>civitatis</span> <span class='ocrx_word' id='word_1_282' title='bbox 898 4117 944 4165; x_wconf 90' lang='lat' dir='ltr'>est</span> <span class='ocrx_word' id='word_1_283' title='bbox 968 4106 1157 4185; x_wconf 86' lang='lat' dir='ltr'>prohibitus.</span> 
     </span>
    </p>
   </div>
   <div class='ocr_carea' id='block_1_3' title="bbox 265 4291 1474 4504">
    <p class='ocr_par' dir='ltr' id='par_1_7' title="bbox 265 4291 1474 4504">
     <span class='ocr_line' id='line_1_35' title="bbox 265 4291 1474 4382; baseline 0 -19"><span class='ocrx_word' id='word_1_284' title='bbox 265 4291 358 4363; x_wconf 83' lang='lat' dir='ltr'>lerin</span> <span class='ocrx_word' id='word_1_285' title='bbox 388 4302 484 4364; x_wconf 86' lang='lat' dir='ltr'>sexta</span> <span class='ocrx_word' id='word_1_286' title='bbox 514 4291 667 4381; x_wconf 85' lang='lat' dir='ltr'>proxima</span> <span class='ocrx_word' id='word_1_287' title='bbox 696 4302 770 4381; x_wconf 85' lang='lat' dir='ltr'>post</span> <span class='ocrx_word' id='word_1_288' title='bbox 804 4293 927 4363; x_wconf 79' lang='lat' dir='ltr'>festum</span> <span class='ocrx_word' id='word_1_289' title='bbox 956 4293 1154 4364; x_wconf 81' lang='lat' dir='ltr'>Nativitatis</span> <span class='ocrx_word' id='word_1_290' title='bbox 1193 4292 1282 4363; x_wconf 82' lang='lat' dir='ltr'>beati</span> <span class='ocrx_word' id='word_1_291' title='bbox 1310 4292 1474 4382; x_wconf 83' lang='lat' dir='ltr'>Jolrannis</span> 
     </span>
     <span class='ocr_line' id='line_1_36' title="bbox 780 4416 942 4504; baseline 0.006 -17"><span class='ocrx_word' id='word_1_292' title='bbox 780 4416 942 4504; x_wconf 82' lang='lat' dir='ltr'>Bnptiste.</span> 
     </span>
    </p>
   </div>
   <div class='ocr_carea' id='block_1_4' title="bbox 237 4568 1500 4884">
    <p class='ocr_par' dir='ltr' id='par_1_8' title="bbox 237 4568 1500 4884">
     <span class='ocr_line' id='line_1_37' title="bbox 773 4568 965 4649; baseline 0.01 -21"><span class='ocrx_word' id='word_1_293' title='bbox 773 4568 840 4649; x_wconf 76' lang='lat'><em>(26.</em></span> <span class='ocrx_word' id='word_1_294' title='bbox 856 4572 965 4646; x_wconf 63' lang='lat' dir='ltr'>juvar).</span> 
     </span>
     <span class='ocr_line' id='line_1_38' title="bbox 342 4692 1499 4776; baseline 0.003 -23"><span class='ocrx_word' id='word_1_295' title='bbox 342 4692 419 4754; x_wconf 91' lang='lat' dir='ltr'>ltem</span> <span class='ocrx_word' id='word_1_296' title='bbox 444 4693 519 4775; x_wconf 88' lang='lat' dir='ltr'>quia</span> <span class='ocrx_word' id='word_1_297' title='bbox 546 4693 731 4755; x_wconf 79' lang='lat' dir='ltr'>leonardus</span> <span class='ocrx_word' id='word_1_298' title='bbox 755 4713 888 4776; x_wconf 77' lang='lat' dir='ltr'>pugnas,</span> <span class='ocrx_word' id='word_1_299' title='bbox 912 4693 1105 4755; x_wconf 90' lang='lat' dir='ltr'>inhabitator</span> <span class='ocrx_word' id='word_1_300' title='bbox 1129 4693 1212 4756; x_wconf 90' lang='lat' dir='ltr'>dicte</span> <span class='ocrx_word' id='word_1_301' title='bbox 1245 4694 1390 4773; x_wconf 87' lang='lat' dir='ltr'>civitatis,</span> <span class='ocrx_word' id='word_1_302' title='bbox 1414 4693 1499 4775; x_wconf 89' lang='lat' dir='ltr'>jura·</span> 
     </span>
     <span class='ocr_line' id='line_1_39' title="bbox 237 4799 1500 4884; baseline 0.002 -23"><span class='ocrx_word' id='word_1_303' title='bbox 237 4814 384 4863; x_wconf 86' lang='lat' dir='ltr'>mentum</span> <span class='ocrx_word' id='word_1_304' title='bbox 409 4801 468 4862; x_wconf 88' lang='lat' dir='ltr'>sibi</span> <span class='ocrx_word' id='word_1_305' title='bbox 494 4802 624 4884; x_wconf 89' lang='lat' dir='ltr'>prestari</span> <span class='ocrx_word' id='word_1_306' title='bbox 650 4820 706 4884; x_wconf 92' lang='lat' dir='ltr'>per</span> <span class='ocrx_word' id='word_1_307' title='bbox 729 4820 788 4862; x_wconf 85' lang='lat' dir='ltr'>nos</span> <span class='ocrx_word' id='word_1_308' title='bbox 811 4815 843 4863; x_wconf 89' lang='lat' dir='ltr'>et</span> <span class='ocrx_word' id='word_1_309' title='bbox 866 4800 986 4882; x_wconf 86' lang='lat' dir='ltr'>juratos</span> <span class='ocrx_word' id='word_1_310' title='bbox 1010 4799 1093 4862; x_wconf 89' lang='lat' dir='ltr'>dicte</span> <span class='ocrx_word' id='word_1_311' title='bbox 1118 4800 1256 4863; x_wconf 82' lang='lat' dir='ltr'>civitatis</span> <span class='ocrx_word' id='word_1_312' title='bbox 1279 4799 1500 4881; x_wconf 86' lang='lat' dir='ltr'>adjudicatum</span> 
     </span>
    </p>
   </div>
   <div class='ocr_carea' id='block_1_5' title="bbox 0 0 1748 5272">
    <p class='ocr_par' dir='ltr' id='par_1_9' title="bbox 0 0 1748 5272">
     <span class='ocr_line' id='line_1_40' title="bbox 0 0 1748 5272; baseline 0 2"><span class='ocrx_word' id='word_1_313' title='bbox 0 0 1748 5272; x_wconf 95' lang='lat' dir='ltr'> </span> 
     </span>
    </p>
   </div>
  </div>
 </body>
</html>
