3488 5272
630 336 828 411 Anno1452.
854 368 893 377 -
916 347 966 410 25.
989 337 1117 408 augusti.

349 545 427 606 ltem
451 546 527 626 quia
553 544 730 627 Elyzabeth
760 545 824 607 lilia
848 545 1023 625 Valentini,
1048 545 1087 606 de
1108 561 1217 608 sancta
1242 547 1399 609 Eleusin
1424 567 1506 630 pon-

242 653 329 712 tibus
352 653 487 735 Lonzky
510 653 609 714 mozti
634 653 755 714 rotatis
772 651 903 713 lundata
928 652 1072 731 ecclesia,
1097 654 1129 714 in
1146 653 1317 715 manifesto
1342 653 1506 717 furticinio

242 772 401 820 certamm
425 777 530 821 rerum
555 759 730 821 Ztanltonis
752 758 889 841 gastaldi
914 759 1012 841 vulgo
1032 760 1152 822 Bertun
1178 760 1253 822 dicti
1278 776 1325 823 est
1348 775 1507 843 repperta,

242 866 294 926 cui
318 866 420 926 eciam
453 866 598 927 auricula
628 866 738 928 dextra
770 879 901 948 propter
933 866 1021 947 prius
1053 865 1172 928 lurtum
1197 886 1291 928 suum
1323 868 1505 950 peripsam

243 973 451 1034 commissum
479 971 538 1033 luit
561 973 710 1048 abscissa,
726 973 800 1035 ideo
822 973 923 1054 ipsam
942 972 1120 1054 Elyzabeth
1136 973 1306 1036 mulierem
1326 993 1385 1056 pro
1401 974 1505 1055 prima

241 1079 290 1139 sui
314 1080 519 1141 correctione
544 1079 584 1141 de
609 1080 736 1141 civitate
753 1094 784 1141 et
808 1080 878 1141 eius
900 1080 1061 1142 territorio
1077 1081 1213 1163 turpiter
1229 1080 1346 1163 expelli
1371 1079 1506 1142 fecimus

241 1187 480 1247 committentes
504 1185 621 1262 eidem,
644 1200 680 1247 ut
711 1184 750 1247 de
782 1200 888 1247 cetero
912 1200 943 1247 et
972 1206 1029 1268 per
1056 1186 1196 1269 amplius
1226 1186 1259 1249 in
1285 1187 1402 1248 dictam
1426 1186 1504 1248 eivi-

243 1306 342 1353 tatem
364 1306 396 1353 et
418 1293 488 1353 eius
510 1293 707 1354 territorium
732 1312 899 1374 nunquam
932 1293 1048 1354 intrare
1073 1292 1199 1371 debeat,
1231 1313 1294 1376 que
1316 1294 1342 1355 si
1367 1294 1400 1355 in
1425 1293 1503 1354 civi-

240 1413 304 1460 tate
327 1414 359 1460 et
382 1400 451 1460 eius
474 1401 635 1462 territorio
658 1414 806 1482 repperta
836 1414 868 1461 et
892 1398 1090 1482 deprehensa
1122 1398 1228 1479 luerit,
1252 1400 1338 1481 juxta
1361 1420 1418 1461 sun
1449 1399 1504 1460 de·

241 1505 353 1566 merita
378 1525 493 1585 penam
519 1526 616 1588 quam
649 1506 843 1568 demeruerit
875 1520 1090 1588 consequetur
1122 1506 1209 1585 juxta
1232 1521 1383 1569 contenta
1406 1505 1503 1588 privi-

242 1611 317 1693 legii
342 1613 440 1673 nostri
465 1615 647 1675 communis
670 1627 701 1674 et
725 1613 801 1693 juris
824 1613 964 1695 equitate
989 1614 1183 1694 requirente.

347 1755 424 1816 ltem
449 1757 525 1837 quia
551 1756 707 1817 Martinus
730 1754 815 1817 filius
834 1754 990 1816 Iohannis
1013 1756 1052 1815 de
1071 1755 1314 1837 Bosyakowyua
1339 1754 1371 1814 in
1396 1753 1498 1813 mani-

241 1858 323 1921 festo
347 1860 510 1923 lurticinio
534 1878 564 1924 et
588 1860 756 1924 manifesta
777 1862 976 1944 spoliatione
993 1877 1153 1924 certorum
1179 1861 1454 1942 manutergiorum
1471 1874 1503 1920 et

240 1968 504 2031 vestimentorum
541 1970 623 2030 Petri
659 1970 774 2030 literati
813 1970 844 2029 in
877 1967 1030 2050 Capitulo
1062 1969 1262 2051 zagrabiensi
1295 1968 1326 2029 in
1359 1966 1501 2027 Abbacia

239 2077 467 2153 permanentis,
490 2077 521 2137 in
546 2077 646 2137 domo
665 2076 748 2137 Petri
773 2076 906 2157 aucupis
930 2076 961 2136 in
981 2076 1138 2138 suburbio
1162 2075 1300 2136 civitatis
1323 2072 1503 2148 residentis,

239 2183 424 2264 peripsum
451 2183 578 2246 Petrum
605 2184 764 2244 literatum
789 2203 846 2244 seu
870 2202 1003 2245 uxorem
1025 2183 1134 2266 ipsius,
1158 2181 1224 2243 tilie
1247 2180 1392 2242 eiusdem
1417 2176 1501 2239 Petri

240 2291 374 2371 aucupis
397 2310 456 2372 pro
480 2291 608 2353 locione
632 2290 715 2353 datis
737 2305 768 2353 et
792 2291 969 2371 assignatis,
992 2306 1038 2352 est
1058 2304 1235 2372 reppertus,
1258 2288 1333 2369 quia
1358 2287 1500 2368 ipsorum

239 2398 503 2459 vestimentorum
528 2398 684 2460 indicium
709 2413 755 2459 est
778 2412 962 2479 reppertum
995 2412 1026 2458 et
1048 2397 1177 2479 signum
1203 2397 1235 2456 in
1259 2394 1379 2456 scrinio
1402 2392 1502 2474 ipsius

239 2504 369 2566 Martini
393 2505 425 2566 in
450 2506 549 2567 domo
572 2505 735 2566 Valentini
768 2505 808 2566 de
832 2504 1001 2581 l'rbon·cz‚
1025 2519 1056 2566 et
1088 2504 1165 2585 quia
1188 2505 1255 2584 ipse
1281 2500 1438 2563 Martinus
1461 2497 1501 2558 ad

239 2613 482 2692 expurgandum
514 2632 547 2672 se
571 2627 619 2673 ter
643 2612 675 2673 in
701 2610 772 2673 loro
800 2610 928 2692 publice
960 2610 1177 2692 proclamatus
1206 2624 1348 2671 nostram
1374 2607 1406 2667 in
1431 2624 1501 2687 pre·

238 2719 378 2779 sentiam
403 2738 467 2779 non
494 2720 581 2780 venit
605 2739 663 2780 nec
682 2720 778 2793 misit,
802 2738 861 2780 nec
884 2718 985 2779 eciam
1003 2718 1111 2779 venire
1136 2736 1195 2778 nec
1218 2717 1344 2776 mittere
1368 2712 1501 2786 curarit,

239 2824 314 2884 ideo
338 2825 442 2906 ipsum
468 2826 642 2887 blartinum
671 2827 703 2887 in
736 2829 904 2887 laternum
936 2840 1081 2886 nostrum
1114 2843 1245 2906 presens
1277 2819 1430 2903 proscribi
1456 2816 1501 2877 le-

242 2931 344 2991 cimus
366 2947 531 3012 tamquam
565 2930 768 2993 manifestum
801 2932 1007 3013 spoliatorem
1032 2947 1063 2993 et
1096 2930 1329 3013 potenciarium
1354 2926 1501 2987 commit·

236 3053 340 3099 tentes
363 3056 393 3099 et
416 3040 625 3101 decernentes
640 3039 694 3100 tali
713 3040 823 3111 modo,
846 3054 881 3101 ut
896 3040 922 3101 si
944 3040 1010 3121 ipse
1029 3040 1184 3100 blattinus
1209 3038 1270 3113 ism
1295 3034 1434 3115 amplius
1458 3031 1498 3092 ad

238 3145 398 3206 civitatem
424 3162 454 3206 et
478 3148 547 3207 eius
563 3147 758 3207 territorium
782 3147 902 3207 venerit
919 3161 949 3207 et
975 3147 1094 3208 ibidem
1114 3160 1280 3226 reppertus
1303 3140 1409 3215 luerit,
1425 3157 1500 3199 mox

239 3252 324 3315 iusta
348 3272 404 3313 sua
429 3253 583 3314 demerita
608 3272 724 3334 penam
750 3272 845 3334 quum
871 3253 1064 3313 tltnteruerir
1082 3265 1297 3331 consequetur
1322 3247 1445 3313 iusticia
1470 3259 1501 3306 et

239 3356 308 3438 lege
334 3374 441 3419 nostra
466 3360 658 3439 requirente.

345 3500 422 3561 ltem
440 3503 514 3581 quia
532 3499 693 3582 Georgius
716 3501 801 3562 tilius
817 3500 966 3583 Gregorii
985 3502 1147 3583 [nkalyelt
1166 3501 1280 3563 dictus.
1306 3496 1502 3557 inhabitator

239 3607 322 3667 dicte
339 3608 486 3671 civitatis.
509 3610 540 3668 in
559 3609 674 3669 eodem
691 3608 797 3690 spolio
822 3624 851 3669 et
870 3610 901 3669 in
921 3609 1033 3668 euclem
1050 3609 1201 3668 societate
1219 3604 1388 3686 spoliant-s
1403 3600 1501 3681 ipsius

240 3713 367 3773 Martini
393 3730 438 3774 est
463 3731 639 3796 reppertus,
664 3731 692 3775 et
719 3717 750 3776 in
775 3716 902 3795 signum
927 3735 962 3776 nc
988 3716 1142 3776 iuditium
1169 3714 1267 3795 ipsius
1291 3731 1347 3771 sue
1373 3707 1499 3768 malicie

239 3840 270 3878 se
295 3820 335 3880 de
360 3820 485 3880 civitate
519 3838 548 3881 et
578 3823 645 3881 eius
676 3823 836 3882 territorio
869 3822 1067 3901 rutupinum
1091 3822 1169 3881 nlius
1202 3818 1362 3879 transtulit
1394 3832 1497 3873 morn-

238 3941 357 3991 turum.
391 3941 420 3986 et
446 3928 520 4005 quia
546 3928 630 3987 idem
657 3928 816 4007 tieorgius
850 3948 906 4009 pru
939 3930 1173 4008 expurgatione
1206 3928 1253 3985 sui
1287 3940 1334 3984 ter
1369 3923 1400 3981 in
1426 3919 1496 3980 l'oro

238 4047 347 4093 nostro
371 4036 535 4093 communi
562 4036 689 4114 publice
722 4036 948 4115 proclamatus.
974 4052 1113 4095 nostrum
1147 4038 1177 4094 in
1212 4032 1409 4114 presenciam
1434 4046 1499 4087 non

238 4140 325 4199 venit
349 4159 406 4199 nec
431 4141 572 4219 aliquem
598 4161 656 4220 pro
681 4161 711 4200 st
738 4144 834 4207 misit.
858 4144 912 4202 sed
938 4164 970 4205 se
996 4164 1011 4201 rt
1040 4144 1118 4203 tttie
1145 4142 1220 4203 iuris
1244 4155 1273 4200 et
1300 4136 1422 4198 ‘usticie
1445 4138 1500 4194 ab·

237 4248 384 4311 sentarit,
410 4247 483 4307 ileo
509 4249 612 4324 ipsum
645 4247 820 4327 tieorgmtn
856 4250 1017 4309 lttlnltrlt
1050 4264 1214 4327 tamquam
1239 4247 1446 4327 spoliatorem
1470 4254 1501 4300 et

238 4352 477 4413 malet'aetorem
502 4353 709 4414 munit'estum
736 4356 766 4413 in
800 4374 929 4433 presens
959 4360 1125 4417 laternum
1160 4368 1302 4413 nostrum
1327 4364 1500 4411 commune

237 4460 387 4519 duximus
412 4461 676 4541 proscribendum
701 4462 805 4521 tillem
842 4462 1031 4521 utlicmltttr
1057 4474 1304 4523 esuriruntetttes„
1328 4472 1362 4517 ut
1386 4456 1426 4516 le
1450 4472 1499 4514 ce·

236 4582 306 4628 tero
330 4582 361 4627 et
385 4586 440 4647 per
464 4568 603 4648 amplius
635 4569 666 4627 in
699 4570 860 4629 :nitatem
893 4584 1017 4629 eteius
1051 4583 1246 4629 tertulinum
1278 4566 1369 4627 nullo
1401 4564 1501 4624 modo

238 4674 354 4734 intrare
378 4688 551 4754 presumat.
575 4674 630 4754 qui
655 4674 693 4733 de
719 4688 823 4735 cetero
848 4689 1014 4753 reppertus
1038 4674 1143 4740 luent„
1168 4676 1330 4749 punietur.
