3488 5272
238 343 301 406 270
612 325 698 383 Anno
721 321 813 400 1465.
840 355 880 364 -
903 336 932 382 Ι.
955 320 1115 382 decembres.

344 536 420 595 Item
446 554 572 594 causam
588 535 669 594 inter
684 533 873 594 Thomasko
887 531 1025 613 juratum
1039 544 1070 593 et
1083 531 1165 592 inter
1180 530 1345 592 Thomam
1363 528 1511 613 Glazyn,

238 643 323 703 cives
347 642 429 702 dicte
448 641 594 718 civitatis,
620 640 747 702 racione
772 639 933 721 sepcionis
950 639 1117 701 cuiusdam
1135 637 1289 720 particule
1313 636 1402 699 curie
1420 638 1510 698 eius·

237 748 309 808 dem
328 746 516 808 Thomasko
541 766 598 827 per
621 746 760 807 eundern
779 746 943 807 Thomam
970 745 1106 828 Glazyn,
1124 758 1155 807 et
1172 745 1247 826 quia
1271 745 1338 826 ipse
1357 743 1511 806 Thomas

238 853 457 936 pereundam
484 852 672 915 Thomasko
705 853 832 914 racione
867 853 966 934 ipsius
1005 853 1088 934 sepis
1120 850 1299 933 paracionis
1323 849 1510 932 prohibitus

240 959 403 1036 extitisset,
428 974 458 1020 et
482 979 539 1040 per
563 958 683 1039 juratos
708 958 835 1018 easdem
861 978 953 1040 sepes
982 958 1166 1040 deponendi
1192 957 1400 1019 commissum
1427 956 1508 1018 exti-

238 1066 337 1142 tisset,
364 1066 394 1125 in
421 1064 503 1126 facto
529 1065 667 1146 duplicis
691 1066 839 1146 potencie
870 1080 980 1126 contra
1012 1066 1116 1146 ipsum
1143 1064 1332 1127 Thomasko
1357 1075 1404 1125 est
1429 1083 1507 1126 con·

239 1172 358 1245 victus3
384 1171 423 1232 de
448 1191 514 1251 quo
539 1170 658 1245 judicio
683 1172 749 1252 ipse
775 1171 923 1232 Thomas
948 1170 1073 1253 Glazyn
1107 1190 1171 1233 non
1197 1182 1368 1232 contentus
1391 1168 1432 1231 ad
1457 1188 1506 1230 se·

241 1278 347 1339 niores
371 1277 545 1359 appellavit
570 1277 701 1357 judices.

347 1384 422 1443 Item
449 1384 523 1463 quia
542 1383 693 1444 mulieres
710 1382 908 1465 infrascripte
926 1383 1077 1444 videlicet
1094 1383 1179 1444 Dora
1198 1381 1506 1464 Kwhynachychna,

240 1510 297 1551 nec
324 1510 387 1550 non
414 1490 552 1550 Barbara
570 1490 695 1567 clauda,
721 1490 898 1572 Eiyzabeth
924 1489 988 1550 filia
1007 1489 1252 1572 Matheychych,
1278 1488 1421 1571 Jalsycza
1439 1486 1505 1550 filia

239 1598 398 1673 Tancecz,
424 1597 525 1657 Elena
544 1596 803 1678 Mezonosychna
821 1611 851 1657 et
870 1596 1070 1676 Margaretha
1088 1596 1197 1656 relicta
1216 1594 1347 1676 Georgii
1366 1595 1506 1655 Zwonar

238 1704 269 1763 in
296 1701 467 1763 manifesto
492 1703 677 1763 meretricio
702 1717 732 1762 et
749 1702 895 1784 pluribus
912 1701 1077 1762 maleficiis
1092 1716 1166 1763 sunt
1190 1714 1325 1782 reperte,
1349 1719 1412 1780 que
1430 1699 1506 1761 iicet

239 1823 370 1891 propter
394 1807 579 1869 huiusmodi
598 1827 706 1869 earum
733 1809 815 1869 maia
838 1807 918 1868 facta
945 1827 1059 1888 penam
1079 1826 1174 1887 quam
1194 1807 1420 1868 demeruerant
1438 1805 1504 1886 pati

237 1916 432 1988 debuissent,
463 1929 568 1975 tamen
602 1915 677 1995 quia
703 1935 760 1994 pro
785 1915 830 1975 eis
853 1915 945 1975 nobis
977 1929 1023 1974 est
1055 1914 1270 1996 supplicatum
1306 1932 1361 1995 per
1394 1912 1505 1994 plures

240 2023 369 2101 probos,
405 2021 559 2082 discretos
590 2036 619 2081 et
655 2022 808 2082 honestos
841 2022 925 2081 viros
959 2035 992 2081 ut
1028 2021 1103 2102 ipsis
1135 2020 1274 2101 graciam
1307 2017 1505 2093 fecissemus,

238 2131 375 2211 ideoque
403 2150 461 2191 nos
485 2131 701 2211 peticionibus
726 2131 915 2190 eorumdem
942 2130 1084 2190 inclinati
1103 2129 1199 2189 talem
1222 2127 1361 2208 graciam
1387 2127 1434 2187 eis
1459 2125 1504 2187 fe·

241 2237 353 2314 cimus,
378 2251 411 2297 ut
437 2237 503 2318 ipse
529 2236 568 2297 de
593 2249 699 2297 cetero
724 2250 754 2298 et
779 2255 835 2317 per
852 2236 992 2317 amplius
1016 2235 1055 2295 ad
1081 2235 1241 2296 civitatem
1268 2233 1390 2294 eteius
1414 2233 1505 2294 terri-

240 2343 370 2420 torium,
395 2342 449 2404 sed
483 2357 605 2403 tantum
632 2357 678 2403 est
709 2343 755 2403 eis
777 2343 884 2422 gracia
917 2341 1009 2419 facta,
1042 2341 1129 2422 quod
1163 2361 1227 2402 non
1254 2340 1373 2401 debent
1397 2357 1505 2400 carere

238 2450 397 2510 territorio
430 2449 513 2510 dicte
546 2449 693 2526 civitatis,
724 2449 780 2509 sed
812 2449 835 2508 si
871 2449 1003 2510 ulterius
1039 2449 1069 2510 in
1103 2447 1265 2509 talismodi
1295 2445 1385 2507 sactis
1410 2445 1506 2507 malis

239 2555 552 2636 comprehendentur
577 2556 750 2636 punientur
775 2555 860 2636 juxta
885 2575 994 2616 earum
1019 2554 1184 2616 demerita.

400 2791 493 2864 Feria
524 2803 620 2864 sexta
651 2796 802 2882 proxima
833 2802 909 2882 post
943 2795 1064 2865 festum
1095 2793 1191 2864 Elene
1220 2795 1340 2878 regine.

778 2950 843 3025 (24.
869 2952 961 3018 mou).

346 3086 422 3147 item
450 3087 585 3148 Mathias
611 3089 829 3170 Kerzowaycit
856 3104 964 3150 contra
990 3089 1157 3170 providam
1183 3090 1351 3149 mulierem
1381 3085 1502 3169 reyhra-

243 3213 335 3274 ryrtza
360 3193 549 3253 secundario
574 3195 686 3254 citatus
711 3195 741 3254 in
769 3194 888 3269 judicio
914 3216 976 3256 non
1002 3196 1183 3276 comparuit
1207 3214 1313 3255 coram
1340 3193 1443 3253 nobis.

347 3298 423 3358 ltern
450 3319 578 3359 causam
605 3300 735 3380 Georgii
762 3302 928 3381 scutiparis
946 3305 1073 3365 racione
1099 3301 1349 3364 circumcisionis
1374 3314 1502 3359 monete

239 3425 424 3485 grossorum
449 3406 647 3466 Venetorum
672 3406 757 3487 apud
776 3406 879 3486 ipsum
906 3425 1039 3489 reperte,
1058 3411 1148 3487 iurati
1175 3409 1409 3487 adjudicarunt,
1427 3406 1501 3486 quia

241 3512 334 3592 capiti
355 3513 423 3573 eius
447 3512 485 3572 ad
503 3513 696 3593 peticionem
723 3515 893 3592 Augustini
921 3517 1077 3596 capitanei
1104 3531 1150 3577 est
1174 3513 1392 3575 misericordia
1411 3511 1503 3588 facta,

242 3618 314 3678 ideo
340 3619 405 3698 ipse
425 3619 527 3697 jurare
549 3618 710 3678 tenebitur
726 3620 909 3680 terciusmet
934 3622 965 3681 in
983 3642 1035 3682 ara
1060 3638 1165 3682 sancte
1185 3621 1297 3682 Crucis
1323 3619 1398 3679 feria
1417 3632 1503 3677 sexta

241 3725 385 3804 proxime
411 3739 554 3800 ventura,
579 3724 665 3804 quod
702 3726 768 3806 ipse
800 3726 901 3807 ipsam
927 3744 1088 3788 monetam
1123 3748 1185 3788 non
1221 3725 1419 3788 circumcidit
1453 3723 1504 3783 hic

242 3830 273 3889 in
300 3830 384 3891 dicta
409 3831 536 3890 civitate
570 3831 628 3890 nisi
656 3830 685 3889 in
720 3832 891 3893 Ostrosecz
925 3853 998 3895 cum
1031 3835 1222 3915 quibusdam
1248 3833 1405 3894 consociis
1428 3831 1503 3892 suis.

348 3936 424 3996 item
451 3936 512 3996 alie
537 3956 630 3996 cause
656 3952 827 4018 prorogate
852 3954 924 4000 sunt
949 3940 988 4000 ad
1018 3939 1159 4002 futurum
1186 3940 1352 4019 iudicium.

348 4042 424 4103 Item
460 4042 572 4103 Berlek
598 4042 755 4125 Chaykyn
788 4064 846 4126 pro
875 4066 938 4106 non
974 4048 1196 4129 comparencia
1230 4046 1317 4127 quod
1343 4045 1504 4125 captivare

242 4146 315 4208 fecit
340 4149 547 4209 Ambrosium
573 4168 744 4230 preconem
771 4164 818 4212 est
851 4154 1017 4213 convictus
1042 4155 1073 4214 in
1099 4155 1237 4234 birsagio
1263 4153 1347 4232 juxta
1374 4170 1503 4212 consve-

241 4253 386 4314 tudinem
411 4254 496 4315 sedis
521 4255 619 4335 ipsius
644 4255 791 4318 civitatis.

348 4360 424 4420 item
451 4361 526 4441 quia
551 4362 741 4422 Ambrosius
764 4363 843 4424 alias
868 4385 963 4446 preco
988 4380 1095 4428 nostre
1120 4368 1360 4428 communitatis
1386 4379 1432 4426 est
1457 4384 1504 4425 re-

243 4466 417 4547 prehensus
442 4466 473 4527 in
500 4466 671 4528 manifesto
697 4466 859 4531 furticinio
885 4485 914 4531 et
940 4471 998 4532 suit
1016 4487 1125 4555 captus
1150 4489 1180 4535 et
1206 4475 1428 4549 incarceratus,
1454 4471 1503 4530 cui

243 4573 461 4633 misericordia
494 4573 566 4634 talis
597 4589 628 4635 et
659 4574 740 4636 adeo
765 4591 811 4636 est
843 4574 924 4638 facta
956 4578 996 4638 ad
1029 4581 1223 4660 peticionem
1257 4580 1397 4662 plurium
1431 4596 1504 4659 pro·

243 4679 357 4739 borum
384 4679 536 4755 virorum,
560 4681 648 4761 quod
681 4681 705 4742 si
731 4681 771 4742 de
803 4696 909 4746 cetero
935 4685 966 4745 in
999 4685 1183 4749 huiusmodi
1209 4685 1367 4747 maleficio
1392 4685 1504 4766 depre-

245 4784 361 4845 hensus
386 4783 491 4864 fuerit,
516 4806 632 4868 penam
658 4808 755 4869 quam
782 4804 815 4850 ut
839 4790 911 4851 talis
935 4794 1088 4854 meruerit
1113 4795 1255 4876 pacietur
