3488 5272
238 398 278 458 82
605 398 692 456 Anno
715 409 806 474 1454.
833 430 872 440 -
896 411 949 457 20.
973 397 1133 457 decembris.

238 608 296 671 filii
320 609 457 671 condam
484 608 636 691 Symonis
660 607 700 669 de
724 607 869 687 Raboch,
894 609 973 670 civis
997 609 1135 671 civitatis
1158 609 1311 692 predicte,
1335 608 1505 688 subtraxit,

238 730 269 777 et
293 716 368 797 quia
393 716 493 778 eciam
521 715 606 776 idem
632 713 794 795 Georgius
826 728 993 797 reppertus
1017 728 1064 776 est
1096 715 1204 797 plures
1228 715 1420 778 subtraxisse
1443 733 1505 794 res,

238 836 268 883 et
299 822 373 884 licet
405 822 491 884 idem
524 820 685 902 Georgius
716 840 775 903 pro
808 819 995 882 huiusmodi
1028 819 1114 882 furtu
1147 820 1299 904 suspendi
1331 820 1505 900 debuisset,

237 942 344 990 tamen
370 927 590 990 misericordia
624 926 674 988 dei
708 927 787 988 moti
812 947 868 1009 per
900 927 1096 1009 peticionem
1120 947 1218 1008 quam
1250 929 1426 1009 proborum
1457 925 1504 988 vi·

237 1053 346 1096 rorum
363 1033 470 1095 eidem
495 1031 638 1114 Georgio
656 1031 716 1094 luri
735 1053 827 1094 aures
846 1034 957 1094 ambas
974 1032 1137 1094 abscidere
1155 1031 1291 1095 fecimus
1315 1046 1346 1095 et
1362 1031 1503 1095 eundem

238 1139 416 1222 Georgium
449 1138 552 1203 iurem
583 1138 717 1201 fecimus
750 1139 909 1222 expellere
942 1139 980 1200 de
1006 1139 1132 1201 civitate
1165 1153 1196 1201 et
1233 1139 1301 1201 eius
1332 1138 1504 1217 territorio,

237 1248 473 1309 committentes
497 1245 603 1308 eidem
628 1245 782 1328 Georgio,
807 1258 841 1307 ut
866 1246 932 1328 ipse
957 1245 996 1307 de
1029 1258 1135 1307 cetero
1163 1258 1194 1306 et
1217 1264 1273 1328 per
1297 1245 1437 1327 amplius
1461 1244 1502 1306 ad

237 1355 399 1417 civitatem
424 1367 455 1416 et
479 1355 547 1415 eius
563 1354 759 1415 territorium
786 1373 952 1434 nunquam
977 1352 1092 1414 debeat
1109 1353 1236 1430 intrare,
1253 1353 1309 1433 qui
1334 1353 1360 1414 si
1377 1353 1410 1414 in
1427 1352 1504 1414 civi·

238 1475 302 1524 tate
327 1462 452 1523 eteius
483 1460 644 1522 territorio
676 1460 815 1541 amplius
847 1473 1014 1541 reppertus
1047 1459 1152 1539 luerit,
1177 1479 1294 1542 penam
1318 1479 1416 1541 quam
1448 1458 1503 1521 de·

238 1568 391 1630 meruerit
414 1580 637 1648 consequetur.

344 1674 422 1735 Item
448 1673 566 1734 Paulus
591 1671 773 1754 Jagychych
799 1685 908 1733 contra
935 1671 1064 1734 Petrum
1081 1671 1268 1734 servitorem
1295 1685 1504 1733 monetaneu-

239 1800 310 1843 rum
334 1781 439 1862 primo
465 1780 578 1841 citatus
603 1797 667 1839 non
693 1779 883 1860 comparuit.

346 1887 421 1949 Item
449 1885 573 1946 blasius
598 1884 816 1966 Kylawchych
833 1897 944 1946 contra
969 1884 1148 1946 Johannem
1174 1883 1354 1946 carnificem
1381 1884 1501 1946 dictum

240 1992 359 2054 Plakan
383 1993 489 2074 primo
514 1991 629 2052 citatus
653 2010 717 2051 non
743 1992 932 2072 comparuit.

346 2098 423 2159 Item
449 2116 576 2159 causam
602 2096 726 2157 domini
752 2096 878 2177 plebani
899 2097 980 2157 inter
1009 2098 1111 2179 ipsum
1138 2098 1308 2160 dominum
1333 2094 1501 2158 Nicolaum

241 2205 416 2286 plebanum
442 2219 472 2264 et
508 2203 589 2264 inter
613 2201 813 2263 Anthonium
847 2202 966 2262 dictum
1000 2204 1102 2265 Janlxo
1134 2222 1319 2285 arcuparem
1345 2222 1400 2285 per
1424 2201 1503 2283 peti·

240 2312 366 2372 cionem
401 2311 576 2392 proborum
610 2310 751 2370 virorum
780 2328 839 2390 pro
871 2329 948 2390 pace
972 2308 1078 2370 fienda
1111 2310 1149 2371 ad
1183 2311 1323 2392 primum
1347 2308 1503 2390 judicium

239 2416 384 2499 proxime
409 2429 581 2477 venturum
606 2414 755 2476 duximus
787 2415 1033 2496 prorogandam.

345 2521 422 2583 Item
456 2520 632 2602 Gregorius
664 2521 772 2602 Zaylxo
804 2519 981 2601 lutifigulus
1012 2536 1120 2582 contra
1154 2520 1317 2604 Mathyam
1352 2520 1392 2581 de
1418 2520 1503 2600 Vgra

239 2629 381 2690 secundo
406 2628 519 2688 citatus
543 2646 608 2688 non
633 2627 822 2707 comparuit.

347 2734 423 2795 ltem
449 2734 522 2815 quia
556 2733 657 2793 Elena
689 2732 753 2794 filia
787 2733 816 2793 T
821 2732 915 2794 home
950 2733 1160 2815 Laczandych
1193 2734 1233 2795 de
1259 2734 1430 2815 Stulbycza
1456 2745 1503 2793 est

240 2854 386 2922 repperta
413 2840 443 2900 in
469 2837 638 2900 manifesto
665 2837 760 2916 furtu,
795 2839 867 2899 ideo
892 2839 965 2901 licet
999 2860 1056 2922 pro
1082 2841 1150 2921 ipso
1176 2839 1261 2901 furtu
1287 2840 1425 2901 debebat
1449 2857 1501 2899 su·

240 2947 366 3028 spendi,
391 2960 496 3007 tamen
530 2966 585 3027 per
610 2945 744 3005 eandem
779 2945 912 3005 Elenam
946 2946 1113 3007 mulierem
1148 2945 1282 3008 fecimus
1310 2966 1403 3007 aures
1435 2965 1506 3027 pre·

243 3053 316 3114 dicti
345 3051 477 3132 Georgii
512 3051 589 3111 luris
614 3053 653 3111 ab
686 3051 800 3111 eodem
832 3052 1006 3129 abscidere,
1039 3067 1069 3113 et
1101 3053 1176 3131 quia
1202 3053 1345 3113 eiusdem
1372 3050 1505 3131 Georgii

244 3157 322 3219 luris
346 3178 438 3218 aures
462 3157 574 3218 eadem
602 3157 702 3216 Elena
720 3156 836 3217 mulier
853 3157 998 3234 abscidit,
1024 3158 1098 3218 ideo
1120 3158 1225 3218 eidem
1253 3158 1352 3219 Elene
1379 3157 1506 3217 mulieri

243 3267 282 3327 ab
308 3266 378 3346 ipso
403 3264 576 3345 suspendio
602 3262 736 3323 lecimus
759 3264 899 3343 graciam
926 3264 977 3339 ita,
1003 3264 1091 3345 quod
1116 3266 1255 3345 amplius
1280 3266 1320 3325 ad
1345 3265 1506 3325 civitatem

245 3388 276 3433 et
300 3373 368 3433 eius
401 3371 594 3432 territorium
629 3390 693 3430 non
728 3370 842 3430 debeat
876 3371 1004 3447 intrare,
1029 3390 1091 3450 que
1117 3371 1141 3430 si
1176 3372 1206 3430 in
1232 3371 1359 3432 civitate
1385 3371 1508 3430 eteius

244 3479 403 3540 territorio
428 3477 566 3559 amplius
591 3491 736 3558 repperta
763 3474 867 3553 luerit,
892 3476 977 3555 juxta
1003 3478 1157 3538 demerita
1183 3497 1239 3538 sua
1265 3497 1381 3559 penam
1409 3496 1506 3558 quam

244 3587 436 3646 demeruerit
461 3598 683 3663 consequetur.

350 3693 427 3753 ltem
464 3710 519 3773 per
552 3691 723 3749 instantem
757 3688 949 3768 peticionem
985 3691 1068 3749 Luce
1102 3691 1236 3766 sutoris,
1269 3689 1380 3768 jurati,
1412 3709 1508 3771 super

245 3800 378 3861 domurn
405 3796 552 3877 Gregorii
578 3793 795 3875 Wrecharyclr
822 3794 916 3854 tercia
944 3795 1011 3854 vice
1042 3793 1175 3855 lecimus
1199 3815 1294 3876 super
1319 3815 1357 3857 eo
1382 3796 1506 3876 procla·

245 3904 424 3966 macionem
451 3901 517 3963 fieri
542 3921 597 3983 per
621 3919 775 3982 precones
799 3900 822 3958 si
850 3899 966 3979 aliquis
991 3915 1115 3980 emptor
1133 3902 1267 3960 eandem
1293 3902 1426 3962 domum
1451 3921 1507 3961 vo·

246 4012 340 4072 luerit
365 4029 470 4070 emere
488 4009 528 4069 ab
546 4008 615 4087 ipso
641 4006 725 4066 Luca
744 4019 873 4085 propter
890 4004 1040 4087 dampna,
1058 4025 1120 4086 que
1146 4007 1204 4087 ipsi
1225 4007 1309 4068 Luce
1334 4008 1374 4067 ab
1392 4007 1506 4068 eadem

247 4119 346 4179 domo
372 4116 469 4197 ipsius
494 4112 641 4193 Gregorii
667 4126 740 4171 sunt
765 4110 861 4170 illata.

352 4222 429 4283 ltem
456 4220 547 4297 jurati
580 4216 845 4295 adjudicaverunt
878 4236 1004 4276 causam
1040 4219 1120 4278 inter
1150 4218 1322 4279 Martinam
1348 4219 1507 4280 seniorem

248 4332 385 4410 judicem
411 4343 440 4388 et
465 4327 567 4388 civem
592 4322 728 4383 civitatis
761 4320 901 4399 predicte
927 4336 956 4381 et
990 4322 1069 4382 inter
1095 4323 1257 4403 Mathyam
1285 4325 1507 4406 Kerzowaych

247 4439 383 4520 juratum
410 4435 440 4495 in
466 4432 548 4493 facto
566 4430 700 4490 duarum
719 4428 868 4485 arborum
887 4426 1052 4488 metalium
1074 4428 1215 4489 habitam
1241 4442 1271 4490 et
1296 4444 1428 4508 motam,
1448 4432 1504 4491 tali

249 4543 347 4606 modo
372 4540 645 4621 adjudicaverunt,
672 4547 704 4592 ut
722 4533 786 4612 ipse
807 4530 951 4612 llathyas
968 4532 1087 4609 juratus
1105 4534 1206 4609 jurare
1223 4537 1383 4597 tenebitur
1401 4537 1503 4618 prima

248 4650 324 4714 laria
349 4663 435 4711 sexta
460 4659 531 4728 post
562 4657 706 4703 octavam
741 4635 992 4717 Epiphaniarum
1025 4637 1148 4699 domini
1181 4659 1275 4720 super
1307 4660 1356 4717 eo,
1381 4656 1414 4702 ut
1440 4642 1506 4724 ipse

249 4757 406 4843 predictas
430 4753 509 4814 duas
533 4749 662 4811 arbores
687 4743 819 4806 metales
840 4761 904 4802 non
923 4742 1074 4821 desecuit,
1104 4763 1162 4804 nec
1179 4764 1253 4806 cum
1277 4747 1357 4808 scitu
1382 4761 1413 4808 et
1437 4768 1508 4830 pre·

249 4878 341 4947 cepto
366 4861 465 4945 ipsius
489 4854 618 4937 Mathye
642 4850 734 4933 iurati
760 4848 828 4930 ipse
852 4847 914 4908 due
939 4848 1068 4909 arbores
1092 4861 1166 4909 sunt
1189 4848 1371 4917 anichilare.
