3488 5272
238 338 300 400 43²
597 321 804 398 Anno'1473.
828 353 873 364 --
894 318 947 381 26.
971 320 1141 382 novembris.

240 556 335 630 Faria
364 567 462 629 sexta
499 556 651 646 proxima
689 565 766 647 post
802 557 925 628 festum
962 558 1058 628 beata
1086 557 1272 630 Katherine
1298 560 1443 647 virginis
1473 569 1510 629 et

792 680 958 753 martiris.

736 835 801 911 (26.
826 835 1005 911 novembris).

346 976 422 1036 Item
448 994 627 1056 causaque
651 977 835 1036 vertebatur
859 975 941 1037 iuter
958 975 1143 1037 Emericum
1161 975 1347 1057 agricolam,
1371 975 1411 1036 ab
1431 994 1509 1052 una,

239 1095 269 1144 et
294 1081 495 1143 Anthonium
520 1079 741 1157 Scrobothicz‚
766 1094 800 1142 ut
824 1081 856 1142 in
881 1101 1009 1142 causam
1041 1095 1210 1145 attractum
1235 1081 1363 1143 racione
1387 1095 1419 1142 et
1435 1100 1508 1163 pre·

238 1203 326 1251 textu
351 1187 566 1269 quorumdam
593 1188 729 1270 sepium,
753 1201 799 1248 est
816 1186 1008 1266 adjudicata,
1034 1189 1121 1269 quod
1147 1188 1266 1249 Paulus
1283 1187 1398 1269 Hazug
1413 1186 1507 1268 jura·

239 1310 382 1356 mentum
408 1295 446 1355 ad
473 1308 621 1356 octavum
639 1293 725 1354 diem
743 1292 904 1374 deponere
922 1292 1061 1375 (debeat)
1079 1313 1173 1376 super
1190 1314 1240 1372 eo,
1264 1306 1421 1375 quantum
1438 1293 1508 1374 ipse

240 1402 361 1482 virgata
395 1401 519 1482 sepium
545 1400 705 1477 valebant,
730 1413 845 1460 extunc
878 1400 948 1482 ipso
977 1399 1060 1461 facto
1086 1399 1188 1461 dictus
1213 1399 1379 1461 Emericus
1403 1399 1508 1459 exsol-

238 1528 310 1568 vere
336 1508 440 1589 ipsum
467 1507 602 1568 Paulum
627 1506 733 1567 debet.

345 1614 423 1674 Item
448 1632 541 1673 causa
559 1632 622 1693 que
640 1614 830 1674 movebatur
847 1611 929 1674 inter
947 1612 1157 1674 Benedictum
1175 1611 1366 1674 familiarem
1384 1613 1507 1695 egregii

239 1719 394 1780 Johannis
422 1719 583 1798 Lobogos‚
607 1732 642 1780 ut
673 1733 812 1779 actorem
847 1719 887 1778 ab
920 1739 995 1796 una,
1027 1733 1058 1780 et
1083 1719 1204 1780 Lucam
1229 1719 1389 1797 Ribaricz,
1415 1731 1449 1780 ut
1474 1720 1507 1780 in

239 1843 366 1886 causam
393 1838 573 1900 attractum,
598 1825 764 1884 concivem
798 1837 943 1886 nostrum
968 1825 1097 1886 racione
1129 1824 1354 1906 percussionis,
1378 1844 1435 1904 per
1459 1824 1507 1905 ju·

240 1931 326 1992 dices
352 1944 397 1991 est
422 1929 615 2008 adjudicata,
647 1945 681 1991 ut
713 1929 853 2010 prefatus
884 1930 1077 1992 Benedictus
1108 1928 1248 1992 famulus
1271 1930 1402 1992 deberet
1427 1945 1507 1992 met-

238 2039 325 2100 aolus
349 2038 511 2119 deponere
537 2037 777 2118 (iuramentum)
802 2038 833 2097 in
859 2057 909 2114 eo,
934 2037 1022 2118 quod
1045 2038 1111 2119 ipse
1135 2038 1275 2099 eundem
1301 2038 1423 2098 Lucam
1449 2037 1506 2098 Ri-

239 2143 344 2203 baricz
369 2162 433 2202 non
460 2143 687 2223 vituperasset;
719 2142 850 2203 tandem
882 2157 913 2203 et
945 2143 1012 2226 ipse
1039 2143 1141 2203 Lucas
1173 2143 1332 2225 Ribarycz
1357 2143 1427 2223 ipso
1452 2142 1507 2204 die

238 2249 385 2310 similiter
417 2249 571 2310 metsolus
603 2248 819 2328 juramentum
851 2248 1014 2330 deponere
1039 2248 1178 2310 deberet
1209 2268 1305 2331 super
1338 2268 1389 2327 eo,
1414 2249 1504 2330 quod

238 2356 305 2437 ipse
342 2355 480 2416 eundem
517 2354 727 2416 Benedictum
764 2354 955 2415 familiarem
988 2373 1052 2415 non
1090 2355 1295 2436 percussisset
1327 2374 1385 2415 nec
1409 2354 1506 2415 crini-

238 2477 357 2535 zasset;
382 2460 437 2521 sed
463 2461 538 2541 quia
568 2459 679 2541 prefati
715 2460 908 2522 Benedictus
940 2459 1106 2521 familiaris
1130 2474 1162 2522 et
1193 2461 1297 2522 dictus
1322 2461 1425 2521 Lucas
1450 2460 1506 2522 Ri-

239 2570 354 2650 barycz
378 2588 445 2628 sese
479 2581 592 2628 mutuo
625 2580 886 2647 composuerunt,
919 2567 961 2628 ita
993 2579 1112 2645 tamen,
1146 2567 1233 2647 quod
1258 2567 1367 2628 nullus
1390 2586 1506 2628 eorum

239 2676 308 2757 ipso
333 2676 385 2735 die
403 2675 534 2735 dictum
542 2673 758 2752 juramentum
778 2673 940 2755 deponere
966 2693 1030 2734 non
1056 2672 1210 2735 deberent
1228 2672 1372 2735 unanimi
1390 2691 1505 2734 eorum

239 2797 268 2843 et
293 2783 392 2843 libera
417 2801 451 2842 ac
477 2793 654 2861 spontanea
679 2781 877 2861 volunptate.
