3488 5272
267 366 330 426 240
664 344 867 425 Ann01463.
892 382 933 391 —
958 362 1005 425 13.
1033 347 1121 409 maii.

266 456 462 461 ——-—m..—
473 455 510 461 ---
1197 457 1361 463 -...—-.-.
1371 456 1529 463 -——-——-=-

372 561 449 621 ltem
475 561 578 620 Lucas
609 575 711 621 sartor
743 560 876 621 claudus
909 562 1013 641 primo
1047 561 1160 622 citatus
1193 575 1302 622 contra
1327 561 1528 622 Anthonium

266 666 439 746 agricolam
466 686 529 728 non
556 667 736 748 comparuit
762 668 792 726 in
818 666 938 745 judicio
963 686 1069 728 coram
1098 668 1200 729 nobis.

372 773 448 834 Item
474 794 601 834 causam
620 775 702 834 inter
726 773 912 834 Ladislaum
931 772 1178 856 Charanthoych
1205 788 1235 834 et
1260 774 1341 834 inter
1366 773 1529 835 Thomam

265 894 417 940 sartorem
443 880 571 941 racione
597 881 832 941 combustionis
856 880 973 941 domus
997 880 1096 961 ipsius
1123 880 1261 941 Ladislai
1287 879 1379 958 jurati
1405 879 1530 957 adjudi-

265 1001 427 1062 caverunt,
453 986 540 1067 quod
576 987 643 1068 ipse
669 987 839 1047 Ladislaus
870 986 974 1067 jurare
999 987 1161 1048 tenebitur
1191 986 1290 1048 tercio
1314 1006 1347 1046 se
1372 987 1531 1047 similibus

264 1093 389 1154 civibus
422 1092 497 1153 feria
532 1107 617 1154 sexta
650 1094 795 1175 proxime
827 1109 960 1154 ventura
995 1093 1026 1154 in
1059 1114 1111 1154 ara
1144 1108 1251 1155 sancte
1277 1093 1390 1155 Crucis
1414 1093 1530 1172 taliter,

265 1200 352 1280 quod
388 1199 536 1280 quitquid
574 1199 640 1282 ipse
672 1200 803 1282 dampni
842 1220 952 1281 passus
989 1215 1053 1276 est;
1089 1200 1165 1261 dum
1203 1201 1331 1280 jurabit,
1368 1200 1427 1260 hoc
1464 1201 1529 1281 ipse

265 1305 411 1366 Thomas
436 1319 537 1366 sartor
569 1307 674 1367 eidem
708 1306 859 1367 Ladislao
889 1307 1013 1367 solvere
1045 1307 1222 1382 tenebitur3
1255 1308 1294 1367 de
1320 1326 1384 1387 quo
1409 1305 1530 1384 judicio

266 1412 332 1494 ipse
357 1411 503 1473 Thomas
534 1426 635 1473 sartor
660 1433 723 1473 non
750 1426 921 1474 contentus
948 1413 987 1473 ad
1013 1414 1155 1474 seniores
1179 1412 1371 1495 appellasset
1396 1411 1528 1491 judices.

371 1519 448 1578 ltem
474 1538 602 1579 causam
629 1519 710 1579 inter
743 1520 910 1580 Simonem
938 1534 1079 1580 sutorem
1105 1533 1136 1580 et
1169 1520 1250 1580 inter
1276 1518 1440 1580 Thomam
1465 1538 1529 1578 sar·

264 1639 365 1686 torem
391 1625 520 1686 racione
545 1626 803 1687 distrabiacionis
827 1640 928 1687 tectus
953 1627 1069 1688 domus
1095 1626 1192 1708 ipsius
1218 1625 1360 1687 Simonis
1384 1639 1528 1706 tempore

264 1732 537 1792 concremacionis
561 1733 677 1792 domus
703 1733 802 1814 ipsius
827 1733 955 1794 Thome
973 1733 1113 1809 sartoris,
1136 1732 1227 1811 jurati
1254 1732 1529 1813 adjudicaverunt,

264 1838 351 1919 quod
379 1838 444 1919 ipse
470 1838 581 1899 Simon
609 1839 708 1899 tercio
733 1860 765 1899 se
790 1840 950 1900 similibus
974 1840 1097 1901 civibus
1119 1840 1149 1900 in
1176 1860 1214 1901 eo
1239 1839 1343 1919 jurare
1369 1838 1529 1899 tenebitur

264 1944 295 2005 in
321 1965 373 2005 ara
397 1959 504 2006 sancte
530 1945 643 2007 Crucis
667 1961 822 2026 quantum
861 1946 1037 2028 dampnum
1061 1967 1170 2028 passus
1195 1959 1241 2007 est
1265 1947 1331 2027 ipse
1357 1945 1470 2006 Simon
1496 1945 1527 2005 in

264 2052 334 2133 ipso
358 2065 442 2113 tecto
467 2072 536 2129 sun,
562 2052 621 2113 hoc
648 2053 714 2134 ipse
739 2053 885 2113 Thomas
909 2053 1014 2113 eidem
1044 2053 1166 2115 solvere
1191 2052 1353 2113 tenebitur
1378 2051 1454 2111 dum
1480 2050 1526 2130 ju·

265 2158 363 2232 rabit;
388 2157 427 2218 de
453 2178 517 2238 quo
535 2158 655 2240 judicio
681 2159 747 2240 ipse
774 2158 919 2219 Thomas
936 2179 1000 2220 non
1019 2173 1188 2220 contentus
1204 2159 1244 2219 ad
1262 2158 1402 2219 seniores
1419 2157 1527 2238 appel-

265 2263 360 2324 lasset
384 2263 515 2342 judices.

370 2370 447 2431 ltem
472 2390 599 2431 causam
626 2371 725 2432 Elene
751 2373 858 2434 relicte
884 2373 1020 2434 condam
1047 2373 1188 2433 Simonis
1213 2372 1299 2449 Ceri,
1333 2390 1429 2452 quam
1456 2369 1526 2451 qui·

264 2476 337 2536 dant
364 2477 477 2538 lanselr
504 2478 596 2539 aliter
621 2477 795 2561 Dyonisius
827 2480 930 2540 dictus
953 2480 1172 2560 copulaverat,
1204 2480 1258 2560 qui
1284 2493 1330 2539 est
1353 2497 1527 2559 suspensus

264 2596 393 2665 propter
417 2604 472 2645 sua
499 2584 664 2662 demerita,
689 2585 793 2646 taliter
826 2586 1091 2666 adjudicaverunt
1115 2586 1219 2667 jurati,
1244 2584 1332 2666 quod
1358 2584 1433 2665 quia
1459 2584 1525 2664 ipse

268 2688 379 2750 habuit
404 2691 499 2751 aliam
519 2710 661 2768 uxorem,
680 2693 766 2772 quod
792 2693 823 2753 in
842 2692 898 2753 illo
927 2696 1014 2773 quod
1036 2693 1139 2754 eidem
1169 2692 1394 2774 propinaverat
1419 2691 1449 2751 in
1468 2690 1525 2751 illo

266 2795 380 2856 eadem
405 2796 534 2879 pacifice
560 2818 723 2860 remanere
757 2800 877 2874 valeat3
910 2799 964 2860 sed
990 2800 1014 2858 si
1048 2799 1170 2879 aliquid
1204 2799 1280 2859 boni
1307 2798 1405 2879 ipsius
1437 2795 1525 2872 luris,

266 2903 319 2981 qui
347 2903 562 2985 dampnificati
588 2920 661 2966 sunt
688 2907 801 2967 rescire
831 2920 991 2988 poterunt,
1020 2922 1134 2966 extunc
1161 2906 1213 2966 illa
1232 2904 1370 2965 vendere
1388 2902 1523 2963 valeant.

265 3121 358 3193 Faria
390 3134 486 3195 sexta
516 3131 669 3214 proxima
705 3136 777 3216 post
808 3127 929 3199 testum
972 3125 1204 3214 hpparieionis
1234 3123 1321 3195 beati
1353 3121 1523 3194 llichaelis

789 3249 990 3338 archangeli.

800 3408 861 3482 (13.
885 3404 983 3479 artari).

369 3545 444 3606 ltem
471 3545 653 3627 Stephanus
685 3545 867 3629 Jagychych
900 3561 1009 3607 contra
1044 3547 1171 3608 Petrum
1200 3546 1386 3606 Barberium
1412 3563 1522 3604 secun-

261 3652 352 3713 dario
377 3653 491 3714 citatus
517 3653 547 3712 in
573 3651 693 3731 judicio
718 3672 782 3713 non
808 3655 998 3734 comparuit.

366 3757 443 3819 ltcm
480 3778 605 3820 causam
641 3760 722 3821 inter
755 3760 919 3822 Vrbanum
961 3761 1135 3840 agricolam
1175 3779 1329 3841 generum
1369 3757 1523 3817 lohannis

261 3864 456 3947 Wenthych,
489 3880 654 3942 sartorem,
682 3865 774 3945 jurati
808 3866 1083 3946 adjudicaverunt,
1115 3867 1201 3948 quod
1236 3866 1344 3927 omnia
1370 3864 1435 3941 illa,
1460 3883 1522 3943 que

260 3970 325 4052 ipse
358 3970 520 4032 lohannes
552 3971 735 4053 Wenthych
768 3974 915 4054 promisit
947 3974 1050 4034 eidem
1084 3973 1215 4034 Vrbano
1248 3993 1319 4034 cum
1358 3970 1422 4032 filia
1455 3990 1522 4047 sua,

261 4077 409 4139 videlicet
427 4078 632 4140 medietatem
651 4078 765 4157 civilis,
783 4080 870 4160 quod
888 4081 954 4162 ipse
972 4081 1157 4142 testimonio
1175 4078 1398 4161 comprobavit
1416 4095 1522 4138 coram

260 4185 364 4261 nobis,
389 4184 469 4245 illud
494 4185 560 4266 ipse
593 4185 697 4245 eidem
732 4185 807 4246 dare
839 4188 1009 4264 tenebitur,
1042 4202 1073 4247 et
1097 4187 1205 4247 omnia
1239 4186 1427 4245 vestimenta
1454 4202 1523 4242 mu-

260 4289 383 4369 liebria,
408 4310 470 4371 que
504 4306 648 4372 tempore
681 4293 901 4373 copulacionis
933 4294 1037 4354 eidem
1064 4294 1136 4354 date
1170 4292 1309 4369 luerunt,
1335 4291 1410 4351 clare
1436 4304 1523 4350 tene·

261 4396 364 4472 bitur;
397 4396 436 4457 de
466 4417 531 4478 quo
565 4397 684 4475 judicio
718 4399 784 4480 ipse
817 4399 979 4461 lohannes
1011 4421 1075 4461 non
1109 4415 1279 4462 contentus
1311 4398 1349 4459 ad
1381 4397 1522 4457 seniores

259 4503 433 4583 appellavit
458 4503 588 4581 judices.

366 4609 441 4670 ltem
466 4629 593 4671 causam
613 4611 694 4672 inter
719 4613 838 4674 Lucam
861 4628 1002 4676 sutorem
1028 4630 1057 4675 et
1076 4615 1245 4675 Nicolaum
1264 4613 1518 4673 barbitonsorent

258 4717 385 4779 racione
418 4718 646 4781 medicacionis
685 4721 843 4799 vulneris,
875 4721 966 4801 jurati
1007 4721 1289 4799 adjudicaverunt,
1331 4717 1417 4798 quod
1452 4717 1518 4798 ipse

259 4823 362 4888 Lucas
392 4839 481 4888 sutor
513 4827 672 4892 tenebitur
701 4826 805 4911 jurare
837 4829 877 4892 ad
910 4848 1024 4892 manus
1057 4830 1152 4893 unius
1182 4827 1295 4909 jurati,
1327 4827 1416 4911 quod
1452 4829 1518 4909 ipse
