3488 5272
246 338 304 414 146
634 333 832 416 Ann01458.
858 371 899 380 -
925 351 973 415 [4.
997 335 1113 412 aprilis.

347 551 423 612 ltem
450 550 632 611 Anthonius
657 548 836 630 lutifigulus
864 550 977 611 debuit
1007 562 1147 631 prestare
1180 547 1399 629 juramentum
1426 548 1509 611 duo·

241 657 453 719 decimusmet
477 656 621 739 personis
646 656 706 716 sibi
731 656 891 717 similibus
915 656 1003 737 quod
1030 656 1096 737 ipse
1121 674 1185 716 non
1211 653 1321 717 fuisset
1346 655 1510 739 particeps

241 764 271 824 in
297 763 440 844 quodam
465 762 660 838 homicidio;
685 762 773 843 quod
798 776 828 822 et
852 763 989 844 prestitit
1013 762 1065 822 die
1089 775 1120 823 et
1144 762 1217 823 loco
1242 761 1436 844 supradicto.

346 887 423 948 ltem
462 885 566 948 Grexa
602 885 780 967 lutifigulus
816 906 873 967 pro
910 885 993 947 facto
1033 885 1148 947 eodem
1184 885 1333 948 similiter
1371 885 1509 968 prestitit

240 995 465 1076 juramentum.

345 1101 423 1162 ltem
448 1100 540 1180 iurati
566 1100 833 1180 adjudicaverunt
858 1100 939 1160 inter
960 1099 1123 1159 Thomam
1150 1099 1294 1181 Malynin
1320 1112 1351 1159 et
1375 1099 1506 1169 Petrum

239 1219 378 1268 sutorem
406 1206 506 1267 filium
532 1225 625 1266 suum
650 1206 861 1287 spiritualem,
887 1205 974 1285 quod
994 1206 1119 1266 vineam
1139 1224 1236 1286 quam
1262 1205 1329 1287 ipse
1355 1204 1414 1266 sibi
1432 1223 1507 1288 pro·

240 1313 368 1373 miserat
392 1331 500 1373 coram
526 1310 697 1391 fidedignis
729 1312 884 1392 personis,
914 1330 976 1391 que
1010 1311 1111 1371 estin
1136 1311 1299 1373 territorio
1323 1310 1384 1371 vici
1419 1310 1506 1372 Lati·

240 1438 366 1495 norum,
391 1417 430 1477 de
456 1437 521 1497 quo
547 1417 605 1498 ipsi
631 1417 691 1476 sibi
725 1416 882 1491 iusticiam
916 1416 1019 1477 faeere
1049 1435 1113 1476 non
1147 1429 1321 1497 potuerunt
1345 1416 1405 1477 nisi
1431 1416 1506 1477 esti·

239 1525 397 1601 macione,
423 1523 628 1584 medietatem
653 1523 739 1583 illius
764 1523 857 1584 vinee
882 1523 1005 1583 solvere
1031 1523 1147 1583 debeat
1172 1522 1209 1582 de
1236 1524 1331 1584 rebus
1355 1535 1386 1585 et
1414 1522 1509 1584 bonis

240 1631 271 1691 in
297 1629 457 1692 territorio
492 1628 627 1689 civitatis
659 1628 785 1704 habitis,
811 1642 841 1688 et
873 1628 969 1710 judici
1003 1648 1038 1689 ac
1070 1627 1180 1708 juratis
1211 1628 1250 1689 de
1274 1628 1365 1689 XXV
1389 1628 1507 1690 marcis

239 1734 410 1797 satisfaciat
434 1735 611 1796 secundum
637 1735 942 1816 comprobacionem
967 1734 1154 1795 testimonii.

345 1860 421 1921 Item
447 1860 539 1939 jurati
573 1860 838 1940 adjudicaverunt
867 1861 949 1921 inter
983 1860 1157 1940 llaptistam
1183 1874 1215 1922 et
1240 1859 1370 1921 Gallum
1410 1859 1505 1922 freni·

238 1985 359 2047 parem,
384 1965 471 2046 quod
498 1966 563 2047 ipse
589 1966 677 2026 solus
702 1965 802 2027 fassus
828 1965 886 2027 fuit
918 1986 1025 2026 coram
1056 1966 1297 2043 communitate,
1322 1966 1411 2047 quod
1436 1967 1505 2048 ipse

239 2072 403 2133 mechatus
428 2071 537 2132 fuisset
562 2092 635 2133 cum
662 2092 759 2133 uxore
782 2093 837 2133 sua
863 2092 926 2133 nou
946 2072 1045 2133 semel
1070 2072 1125 2132 sed
1143 2071 1264 2153 pluries
1287 2085 1317 2133 et
1342 2072 1430 2153 quod
1448 2092 1505 2155 per

239 2178 339 2258 ipsam
364 2178 465 2238 solam
494 2178 560 2259 ipse
586 2177 694 2239 fuisset
728 2193 869 2256 vocatus,
899 2179 973 2239 ideo
997 2179 1021 2238 si
1056 2178 1194 2239 invicem
1219 2178 1336 2260 reperti
1361 2176 1506 2256 fuissent,

238 2298 313 2344 tunc
339 2284 414 2364 ipsis
439 2283 562 2363 justicia
587 2285 840 2346 aministraretur
860 2286 1037 2346 secundum
1058 2284 1324 2345 consvetudinem
1348 2284 1505 2362 civitatis;

238 2390 291 2450 sed
318 2390 393 2470 quia
419 2391 476 2471 ipsi
504 2391 640 2451 invicem
667 2391 780 2472 reperti
813 2410 875 2451 uon
912 2390 1040 2451 fuerunt
1068 2405 1098 2452 et
1131 2391 1197 2471 ipsa
1223 2391 1339 2451 mulier
1363 2391 1402 2451 de
1427 2391 1504 2453 civi·

237 2509 300 2557 tate
326 2496 436 2573 evasit,
461 2497 599 2557 eundem
626 2496 757 2558 Gallum
784 2497 815 2557 iu
850 2498 1028 2557 carceribus
1060 2497 1166 2577 puniri
1192 2495 1336 2576 fecimus,
1361 2511 1392 2559 et
1416 2497 1505 2578 quod

237 2622 293 2684 per
318 2603 457 2684 amplius
482 2604 512 2663 in
539 2604 656 2664 talibus
681 2623 744 2663 nou
772 2603 963 2664 inveniatur.

345 2727 421 2787 ltem
448 2728 626 2810 Elyzabeth
651 2726 714 2788 lilia
743 2729 836 2788 Blasii
862 2728 902 2787 de
924 2727 1064 2788 Zethclra
1089 2728 1167 2788 alias
1191 2747 1307 2808 sponsa
1333 2727 1503 2789 cuiusdam

238 2833 393 2895 Anthonii
420 2833 474 2894 lilii
502 2834 657 2894 Anthonii
684 2834 723 2895 de
752 2848 861 2894 sancto
888 2833 1052 2893 Demetrio
1079 2834 1109 2892 in
1135 2832 1256 2914 prefata
1282 2832 1421 2894 Zethcha
1449 2832 1504 2895 ha·

240 2941 314 3016 bita,
340 2940 424 3000 idem
453 2940 627 3021 lilyzabeth
654 2955 824 3019 negaverat
849 2938 1007 3020 prefatum
1040 2959 1193 3019 sponsum
1219 2959 1312 3000 suum
1339 2954 1370 3000 et
1394 2939 1445 3000 hic
1470 2939 1502 3001 in

239 3048 365 3107 civitate
390 3047 487 3107 alium
522 3049 624 3107 sirum
659 3049 801 3121 duxerat,
835 3060 906 3127 post
937 3046 1028 3106 cuius
1061 3062 1197 3106 mortem
1228 3046 1325 3107 alium
1353 3047 1504 3108 maritum

239 3152 340 3230 duxit,
365 3172 438 3213 cum
463 3173 527 3233 quo
554 3153 712 3214 morando
738 3166 859 3233 reperta
886 3151 944 3211 fuit
970 3152 1000 3210 in
1026 3152 1196 3228 adulterio,
1221 3172 1283 3232 que
1309 3152 1499 3233 reprehensa

238 3274 267 3319 et
286 3260 315 3318 in
334 3260 513 3319 carceribus
538 3274 622 3320 teuta
640 3274 768 3339 propter
788 3259 860 3318 istas
877 3277 990 3317 omnes
1007 3258 1160 3334 malicias,
1185 3257 1276 3335 iurati
1296 3257 1501 3335 adjudicave-

238 3379 311 3424 runt
335 3365 470 3425 eandem
498 3366 527 3424 in
563 3365 641 3425 facie
667 3385 722 3425 sua
755 3364 863 3444 sigillo
895 3363 1041 3424 candenti
1076 3364 1208 3444 sigillari
1235 3378 1266 3425 et
1290 3365 1425 3446 turpiter
1451 3385 1503 3426 ex·

238 3471 333 3551 pelli;
352 3473 401 3531 cui
420 3473 525 3553 gracia
544 3492 599 3553 per
617 3471 872 3552 supplicaciones
890 3470 1122 3531 nonnullorum
1140 3472 1315 3552 proborum
1336 3469 1395 3531 fuit
1412 3470 1503 3533 facta.

541 3708 636 3781 feria
666 3722 765 3780 sexta
795 3718 867 3797 post
898 3718 1054 3780 octavam
1084 3710 1198 3781 Pasce.

759 3884 820 3957 (14.
845 3883 973 3955 aprilis).

344 4035 420 4097 ltem
449 4038 550 4097 lucas
576 4038 704 4111 intritus,
730 4054 828 4114 sutor,
855 4040 958 4120 primo
988 4040 1102 4100 citatus
1128 4054 1236 4098 contra
1265 4039 1425 4100 Andream
1452 4061 1502 4101 su·

239 4156 339 4201 torem
367 4162 430 4202 non
457 4145 646 4223 comparuit.

345 4248 420 4307 ltem
442 4250 595 4309 Martinus
621 4250 703 4309 lilius
735 4251 960 4310 ¹blraulrowich
987 4266 1094 4310 contra
1125 4270 1156 4310 sc
1183 4250 1310 4311 racione
1336 4251 1501 4312 cuiusdam

238 4352 404 4413 homicidii
432 4356 535 4434 primo
562 4352 634 4415 fecit
660 4356 850 4435 proclamari
877 4357 1005 4437 publice
1031 4368 1060 4415 et
1086 4355 1264 4416 manifeste.

345 4477 421 4536 lrem
440 4498 531 4538 causa
559 4479 639 4539 inter
657 4480 816 4540 Marinum
835 4480 973 4557 judicem
1001 4494 1030 4540 et
1050 4480 1190 4541 Blasium
1208 4481 1345 4561 juratum
1374 4481 1502 4542 racione

238 4583 403 4643 cuiusdam
423 4584 539 4644 «innius
564 4598 684 4645 nistrare
710 4606 744 4645 a:
771 4586 960 4662 stationum,
980 4585 1071 4663 iurati
1092 4586 1251 4647 dederunt
1276 4588 1450 4649 terminum
1471 4603 1503 4649 ut

238 4686 377 4767 prefatus
404 4688 527 4750 Blasius
559 4705 717 4769 presentet
751 4690 817 4768 jura
851 4692 950 4772 ipsius
974 4692 1012 4752 ad
1046 4691 1201 4773 prefatam
1227 4693 1360 4753 domum
1386 4709 1485 4755 etsta

238 4794 347 4855 ciones
370 4796 409 4855 ad
435 4796 675 4876 quindecimam
702 4797 798 4859 diem.
