3488 5272
598 334 684 389 Auno
710 330 801 415 [5166.
828 364 868 372 —
894 326 945 392 28.
960 328 1127 406 stbrunrir'.

658 542 734 602 Item
761 540 944 601 Demetrius
968 540 1007 601 de
1032 540 1173 601 Rabocz.

659 648 735 709 Item
762 648 877 708 Valent
901 646 941 707 de
967 647 1146 728 Zauersya.

661 754 737 815 Item
763 753 882 813 Paulus
905 766 1016 813 sartor.

662 860 738 921 Item
766 858 907 940 Stephan
935 873 1034 919 sutor.

662 966 739 1025 Item
766 965 888 1046 Symon
913 978 1011 1025 sutor.

662 1072 738 1132 Item
765 1071 838 1131 lllas
862 1070 1051 1149 lutiligulns.

662 1176 738 1237 Item
765 1175 947 1236 Anthonius
972 1174 1163 1257 lutiligulus.

658 1283 735 1342 Item
762 1283 914 1343 Clemens
940 1281 1080 1342 Kechlta.

664 1388 739 1449 Item
767 1387 934 1468 Philippus
959 1386 1108 1467 frenipar.

662 1495 738 1554 Item
765 1495 848 1555 lu'an
874 1508 973 1555 sutor.

663 1602 739 1663 Item
765 1602 926 1663 Iohannes
951 1618 1038 1663 sutor
1064 1600 1264 1685 Kathanych.

658 1709 735 1770 Item
762 1707 904 1789 Gywrko
930 1722 1027 1769 sutor.

662 1814 738 1875 Item
766 1814 907 1875 Briccius
936 1816 1036 1875 saber.

662 1920 738 1982 Item
765 1920 890 1980 Marcus
914 1934 1002 1980 sutor
1028 1918 1259 2001 Scrobathych.

664 2027 741 2087 Item
767 2026 881 2087 Valent
905 2046 1003 2106 gener
1028 2028 1190 2108 Koczyan.

665 2133 742 2193 Item
769 2133 879 2193 I‘etrus
903 2153 1022 2213 sporar.

348 2329 425 2390 Item
451 2326 564 2409 prelati
589 2326 733 2387 Thomas
759 2325 853 2401 iudex
885 2341 915 2387 et
944 2326 1035 2402 iurati
1061 2346 1095 2385 ac
1121 2326 1296 2387 consiliarii
1329 2343 1400 2386 cum
1428 2343 1509 2386 con-

241 2456 335 2496 sensu
361 2451 391 2496 et
417 2435 642 2496 commissione
668 2448 698 2496 et
730 2434 874 2494 unanimi
900 2450 929 2493 et
955 2434 1105 2493 concordi
1132 2432 1297 2494 voluntate
1321 2446 1353 2492 et
1377 2430 1509 2494 decreto

242 2542 344 2602 tocius
369 2541 609 2601 communitatis
634 2541 885 2600 omniadecreta
911 2554 940 2599 et
965 2554 1079 2599 statuta
1103 2552 1168 2599 tam
1195 2540 1225 2599 in
1251 2538 1389 2619 presenti
1407 2555 1506 2618 quam

243 2650 273 2707 in
300 2648 440 2727 antiquis
465 2647 625 2707 katltetnis
650 2648 764 2706 nostris
789 2661 936 2707 contenta
966 2660 995 2705 et
1025 2648 1151 2726 scripta,
1177 2645 1287 2725 quoad
1305 2663 1417 2706 omnes
1434 2644 1510 2705 arti·-

243 2754 333 2814 culos
358 2768 387 2812 et
412 2767 529 2833 punctu
554 2774 589 2812 ac
623 2752 781 2812 clausulas
813 2753 1000 2813 eurumdem
1038 2766 1227 2811 statutorum
1253 2766 1283 2811 et
1307 2750 1509 2811 decretorum

243 2880 299 2939 per
316 2874 417 2919 tutum
437 2878 556 2917 utinum
583 2859 736 2938 presentis
754 2857 911 2927 iudicatus
937 2858 1033 2937 ipsius
1059 2858 1188 2918 Tltonte
1214 2857 1327 2935 judicis
1344 2870 1373 2915 et
1396 2874 1509 2915 conse·

241 2979 375 3046 quenter
400 2979 428 3024 et
453 2964 603 3045 deinceps
628 2964 693 3040 jure
719 2979 873 3045 perpetuo
895 2980 924 3024 et
951 2964 1199 3024 irrevocabiliter
1231 2962 1504 3023 confirmaverunt

244 3090 369 3151 semper
395 3071 527 3130 valitura
553 3086 582 3130 et
608 3070 739 3131 tirmiter
767 3072 977 3130 obseruanda.

350 3195 426 3254 Item
460 3214 552 3254 causa
586 3194 703 3253 nubilis
739 3195 870 3255 «lumine
907 3194 1029 3273 „agathe
1063 3208 1191 3269 vocate,
1225 3193 1332 3253 relicte
1369 3190 1508 3251 condam

247 3300 374 3381 llathye
395 3300 618 3381 Ix'u'noberyclt
644 3300 683 3359 tle
702 3299 908 3376 :ttlutnoucn
927 3315 959 3360 ut
977 3300 1111 3373 actricis,
1137 3299 1264 3359 racione
1289 3296 1509 3377 quorumdam

247 3408 383 3467 duorum
410 3426 565 3487 equorum
593 3427 647 3486 per
672 3408 809 3467 euntlem
837 3408 972 3467 cotulam
999 3406 1152 3465 llutltiam
1180 3403 1404 3485 Kunoberych
1429 3403 1509 3464 olim

250 3514 384 3573 Nicolao
410 3512 571 3573 auril'aluo
590 3512 685 3588 iudici
712 3528 741 3573 et
764 3514 823 3573 civi
844 3514 925 3573 dicte
944 3513 1089 3586 cit-itatis,
1115 3513 1196 3571 circa
1216 3512 1397 3571 Ileremitas
1414 3510 1511 3569 tradi-

246 3633 351 3678 torum
377 3621 435 3678 sub
460 3620 662 3695 condicione,
689 3640 744 3700 per
768 3635 862 3680 testes
887 3641 993 3680 coram
1013 3620 1179 3680 anthonio
1204 3619 1327 3699 pridem
1354 3618 1457 3691 judice
1475 3636 1510 3677 ac

246 3726 355 3804 juratis
379 3726 502 3785 civibus
534 3726 617 3787 dicte
650 3728 785 3788 civitatis
818 3727 1048 3808 productorum
1079 3743 1108 3788 et
1143 3727 1397 3788 examinaturum
1422 3738 1452 3785 et
1478 3724 1509 3783 in

247 3832 379 3911 registro
404 3833 669 3912 conscriptorum,
694 3848 725 3893 et
742 3834 817 3913 quia
843 3834 954 3893 eadent
975 3834 1104 3893 dominu
1124 3833 1231 3892 relicta
1258 3833 1356 3913 ipsius
1373 3830 1510 3891 condam

248 3938 366 3997 llatltie
394 3939 607 3999 ltu-nouerim
641 3960 674 3999 se
699 3954 793 3999 testes
826 3940 941 4000 habete
974 3940 1134 4019 allegabat
1167 3959 1274 3999 corant
1300 3938 1417 4019 quibus
1442 3938 1508 4020 ipse

246 4045 399 4105 Nicolaus
423 4044 582 4107 aurifaber
616 4046 745 4106 eusdem
772 4066 873 4126 equos
907 4046 1011 4106 eitlent
1037 4048 1144 4107 relicte
1179 4047 1276 4127 ipsius
1302 4045 1421 4105 Mathie
1445 4044 1510 4105 sol·

247 4171 318 4212 rere
352 4152 551 4231 promiserat,
586 4167 615 4213 et
649 4153 735 4231 quod
771 4154 836 4233 ipse
870 4154 1022 4213 Nicolaus
1055 4152 1214 4214 aurifaber
1247 4152 1377 4213 eosdem
1410 4170 1511 4231 equos

245 4257 349 4317 eidem
377 4277 440 4317 non
466 4258 572 4333 solvit,
597 4258 727 4317 eostlent
764 4274 857 4319 testes
890 4278 996 4319 curum
1023 4260 1116 4319 nobis
1148 4259 1346 4339 producendi
1373 4258 1509 4337 primum

247 4362 358 4423 leriam
376 4378 496 4424 sextam
523 4379 593 4444 post
611 4380 755 4425 octavam
775 4364 891 4425 l'asche
910 4366 1032 4424 domini
1051 4365 1226 4425 terminum
1245 4365 1395 4425 duximus
1419 4362 1511 4444 preli-

246 4470 400 4547 gendum.
426 4506 468 4515 —
498 4470 574 4531 Item
601 4472 733 4552 provide
751 4472 882 4532 domine
909 4469 1109 4551 llargaretha
1136 4486 1256 4547 vocate,
1280 4471 1387 4531 relicte
1413 4470 1511 4551 ipsius

248 4576 384 4638 condam
411 4578 534 4639 Nicolai
561 4576 713 4639 aurilalui
739 4580 778 4637 ad
813 4578 953 4637 eundem
987 4578 1159 4637 terminum
1185 4578 1269 4637 lilios
1293 4597 1367 4637 suos
1391 4596 1510 4637 conro-

247 4704 330 4759 rare‚
356 4684 430 4765 quia
456 4684 567 4745 eadem
594 4704 652 4765 pro
669 4684 788 4745 eisdem
808 4682 880 4745 liliis
901 4684 968 4745 suis
993 4684 1097 4745 eidem
1122 4684 1230 4744 relitte
1257 4684 1355 4763 ipsius
1372 4683 1509 4743 condam

248 4792 369 4853 Matltie
395 4794 586 4873 respondere
612 4812 719 4854 coram
745 4792 839 4853 nobis
871 4792 985 4871 noluit,
1009 4792 1063 4873 qui
1097 4792 1197 4852 eciam
1224 4790 1309 4871 ipsos
1331 4806 1426 4851 testes
1451 4806 1511 4851 ter·
