3488 5272
268 332 330 392 228
649 336 734 392 Anno
758 331 849 410 1462.
874 367 918 377 —
935 349 969 410 3.
993 332 1155 394 decembris.

267 545 369 606 victus
392 558 439 606 est
463 557 572 605 contra
599 545 685 625 ipsos
717 544 931 605 Laurencium
965 556 996 604 et
1024 543 1227 605 Lodouicum
1261 545 1292 605 in
1318 544 1531 624 quadraginta

268 651 374 733 pensis
399 651 605 712 denariorum
631 665 661 712 et
684 650 781 732 judici
808 663 839 712 et
862 649 972 731 juratis
997 650 1027 711 in
1054 651 1192 712 denariis
1216 651 1469 733 quadringentis.

312 833 407 908 Faria
436 843 533 907 sexta
563 842 640 906 ante
669 834 924 925 Assumpcionis
954 839 1096 924 virginis
1125 837 1279 924 gloriose,
1309 857 1394 908 auno
1425 845 1487 909 etc.

783 960 835 1034 LX
863 961 1019 1032 secundo.

782 1113 846 1191 (15.
871 1113 1014 1189 augusti).

374 1256 450 1318 Item
478 1255 607 1338 Mathey
632 1256 746 1317 Maltek
773 1255 878 1337 primo
903 1256 1017 1318 citatus
1041 1269 1150 1315 contra
1176 1254 1378 1317 Clementem
1405 1255 1529 1317 fabrum

267 1362 298 1423 in
325 1363 446 1444 judicio
471 1381 536 1424 non
561 1361 750 1443 comparuit.

373 1468 450 1531 ltem
475 1468 622 1529 Andreas
646 1467 827 1551 Zlepchych
854 1482 963 1530 contra
981 1468 1109 1529 Petrum
1135 1483 1276 1530 sutorem
1303 1467 1333 1528 iu
1360 1468 1465 1550 primo
1484 1467 1530 1544 iu·

267 1575 351 1637 dicio
376 1594 561 1657 comparere
586 1589 616 1634 et
641 1574 680 1634 ad
705 1574 829 1654 objecta
854 1574 998 1636 eiusdem
1024 1575 1218 1656 respondere
1242 1575 1414 1637 tenebitur.

372 1681 451 1743 ltenr
476 1680 568 1760 jurati
601 1679 866 1760 adjudicaverunt
897 1700 1024 1741 causam
1058 1681 1139 1743 inter
1171 1680 1367 1762 Pahwthych
1393 1695 1423 1741 et
1449 1681 1531 1741 inter

266 1788 403 1851 Zmolko
428 1788 554 1848 racione
580 1787 816 1848 verberacionis
841 1801 872 1848 et
903 1788 1143 1848 vulneracionis
1166 1807 1222 1869 per
1247 1788 1351 1867 ipsum
1378 1787 1530 1847 Zmolko·

267 1915 351 1973 nem,
369 1914 466 1975 quam
490 1894 578 1955 solus
602 1912 666 1953 non
685 1894 823 1973 negavit,
841 1907 887 1955 est
908 1895 1073 1955 convictus
1087 1909 1195 1956 contra
1215 1894 1317 1976 ipsum
1338 1893 1529 1976 Pahwrhycz

267 2001 299 2062 in
324 2001 496 2062 duodecim
522 2014 552 2061 et
577 1999 682 2060 media
716 2001 822 2081 pensis
852 2001 1057 2062 denariorum
1083 2021 1118 2061 ac
1151 2000 1373 2062 communitati
1400 2000 1430 2060 in
1457 2020 1528 2061 cen-

266 2121 333 2168 turn
359 2107 508 2170 denariis.

372 2213 469 2286 Quod
494 2214 568 2294 quia
594 2214 747 2296 providus
775 2213 822 2273 vir
855 2212 958 2273 Lucas
991 2227 1080 2274 sutor
1115 2211 1222 2274 senior
1255 2213 1375 2291 juratus
1400 2228 1430 2273 et
1455 2232 1529 2272 con-

266 2319 345 2380 civis
369 2332 486 2398 noster,
510 2340 609 2401 gener
632 2319 759 2402 providi
784 2318 843 2380 viri
868 2318 1031 2380 Valentini
1056 2319 1096 2380 de
1120 2319 1305 2395 Wrbowcz,
1331 2318 1415 2399 juxta
1442 2338 1529 2378 man·

267 2424 376 2486 datum
410 2425 513 2487 tocius
546 2425 786 2488 communitatis
816 2425 876 2485 sibi
900 2439 930 2486 et
962 2424 1034 2485 aliis
1066 2425 1119 2505 qui
1146 2425 1213 2485 vias
1245 2443 1434 2485 communes
1458 2443 1531 2485 cum

267 2533 397 2614 sepibus
421 2545 451 2593 et
474 2533 545 2594 aliis
568 2533 759 2609 reclusisset,
784 2531 940 2613 quasdam
965 2551 1056 2613 sepes
1073 2532 1155 2592 circa
1180 2531 1335 2612 (h)ortum
1354 2530 1532 2592 Clementis

267 2637 435 2721 sreniparis
458 2639 518 2700 sibi
551 2639 804 2721 inpignoratam,
836 2639 917 2699 ultra
947 2638 1065 2699 limites
1096 2638 1234 2699 civitatis
1258 2637 1362 2698 adhuc
1386 2651 1532 2719 tempore

266 2745 423 2825 judicatus
447 2745 572 2827 providi
599 2745 657 2806 viri
682 2743 838 2806 Anthonii
863 2743 977 2824 judicis
1002 2744 1041 2804 de
1066 2764 1152 2805 anno
1176 2757 1235 2806 etc.
1260 2744 1532 2824 quinquagesimo

267 2853 370 2933 primo
396 2871 451 2933 per
475 2851 595 2931 juratos
619 2851 677 2912 sub
711 2865 794 2912 certa
828 2870 909 2932 pena
935 2863 965 2911 et
990 2851 1140 2930 birsagio,
1173 2865 1202 2911 et
1227 2850 1357 2911 tandem
1384 2849 1530 2911 moderni

267 2956 382 3035 judicis
406 2971 436 3019 et
461 2957 637 3036 juratorum
663 2976 827 3018 removere
860 2956 1032 3033 debuisset,
1061 2957 1115 3036 qui
1143 2957 1244 3017 Lucas
1276 2957 1403 3017 easdem
1438 2976 1528 3038 sepes

266 3062 351 3142 juxta
377 3063 564 3125 mandatum
590 3064 731 3144 ipsorum
750 3062 891 3142 judicum
917 3076 948 3122 et
964 3061 1139 3142 juratorum
1159 3082 1324 3124 removere
1343 3063 1456 3140 noluit,
1475 3062 1524 3122 cui

266 3170 396 3230 vadium
422 3168 514 3250 jurati
540 3189 595 3251 per
620 3189 774 3251 precones
791 3184 916 3230 nostros
940 3169 1080 3251 recipere
1104 3170 1320 3248 mandassent,
1344 3171 1398 3251 qui
1426 3171 1527 3230 Lucas

265 3276 440 3337 rebellione
473 3276 586 3337 ductus
618 3277 747 3336 vadium
780 3276 856 3358 ipsis
888 3275 997 3355 juratis
1033 3291 1063 3337 et
1096 3278 1290 3358 preconibus
1315 3276 1429 3336 nostris
1455 3294 1525 3335 mo-

267 3382 374 3444 dernis
399 3384 473 3444 dare
498 3383 638 3464 recipere
664 3382 778 3460 noluit,
802 3382 857 3442 sed
876 3383 1006 3443 eosdem
1032 3383 1071 3443 de
1096 3383 1195 3443 domo
1220 3403 1275 3442 sua
1301 3382 1428 3464 repulit,
1454 3382 1526 3443 ideo

270 3489 374 3571 ipsum
394 3487 534 3570 prefatus
550 3488 645 3568 judex
663 3507 734 3549 cum
753 3487 862 3569 juratis
887 3489 1014 3549 racione
1032 3489 1184 3569 premisse
1206 3489 1365 3570 protervie
1391 3488 1526 3549 detineri

266 3593 401 3673 fecisset,
418 3615 515 3676 quem
540 3595 754 3656 communitas
778 3595 817 3654 ad
835 3595 1091 3676 supplicaciones
1116 3596 1292 3676 proborum
1318 3595 1459 3655 virorum
1486 3595 1525 3654 de

267 3701 447 3763 carceribus
470 3701 575 3762 taliter
600 3702 743 3762 emittere
763 3700 895 3779 lecisset,
914 3701 1001 3782 quod
1027 3702 1110 3783 ipsas
1127 3721 1217 3782 sepes
1235 3721 1398 3761 removere
1425 3716 1455 3762 et
1472 3721 1527 3782 per

268 3808 407 3890 amplius
433 3808 463 3868 in
492 3807 624 3870 huiusce
649 3807 808 3889 protervie
835 3807 982 3886 inveniri,
1007 3808 1094 3887 quod
1124 3807 1148 3866 si
1181 3807 1361 3868 invenietur
1386 3821 1416 3868 et
1439 3807 1526 3888 prius

267 3915 474 3978 commissum
500 3914 604 3975 scelus
635 3914 695 3974 sibi
721 3914 805 3996 parci
832 3932 896 3974 non
923 3913 1026 3974 debet.

424 4097 520 4173 Faria
549 4110 645 4172 sexta
676 4102 829 4189 proxima
853 4108 931 4171 aute
959 4100 1084 4171 festum
1112 4100 1201 4170 beati
1232 4100 1368 4172 Nicolai.

773 4255 815 4330 (5.
843 4253 1015 4328 decembris).

371 4393 450 4455 Item
475 4414 602 4455 causam
628 4395 709 4456 inter
736 4394 943 4455 Benedictum
962 4392 1158 4455 aurifabrum
1184 4409 1214 4455 et
1235 4393 1442 4455 Valentinum
1462 4394 1528 4454 Ma·

265 4500 380 4584 rysych
405 4515 618 4582 prorogarunt
652 4501 690 4562 ad
722 4501 876 4581 judicium
910 4501 1072 4561 seniorum
1098 4500 1241 4581 judicum
1274 4500 1402 4561 racione
1435 4501 1528 4560 vinee

266 4607 365 4691 ipsius
388 4607 562 4685 Valentini,
586 4622 617 4669 et
641 4608 716 4689 quia
741 4607 883 4669 seniores
899 4606 1020 4688 judices
1041 4627 1105 4668 non
1131 4607 1302 4669 finiverunt
1329 4608 1429 4689 ipsam
1455 4627 1528 4667 cau-

265 4733 345 4795 sam,
368 4728 399 4779 et
423 4714 466 4778 sic
491 4714 551 4798 ipsi
575 4714 667 4799 jurati
692 4715 828 4777 eandem
859 4733 986 4777 causam
1011 4734 1182 4798 quousque
1213 4734 1269 4800 per
1294 4715 1436 4776 seniores
1462 4733 1526 4776 uon

264 4819 460 4916 judicabitur
483 4820 614 4887 nollunt
636 4820 790 4907 judicare.
