3464 5266
576 346 662 403 Anno
686 340 780 421 1466.
806 379 845 388 -
871 358 920 419 19.
945 346 1115 419 septembrIs.
1419 366 1475 428 301

216 555 343 614 racione
376 554 551 614 ablacionis
583 556 795 634 quarumdam
829 575 935 616 rerum
968 571 998 616 ct
1038 558 1198 617 bonorum
1231 576 1286 638 per
1316 558 1479 619 Andream

217 660 425 741 Myndorffer,
459 674 489 720 ct
522 661 658 721 aliorum
685 660 900 742 dampnorum
927 662 1040 722 exinde
1073 676 1266 740 secutorum,
1298 682 1379 742 quos
1412 664 1477 745 ipse

217 767 344 827 dicebat
367 767 428 827 sibi
453 765 610 828 factorum
637 787 673 827 ex
698 781 785 848 parte
811 768 966 829 Johannis
987 767 1172 849 Perou'ych,
1197 767 1288 845 jurati
1314 768 1476 846 adjudica·

216 886 339 951 verunt,
356 873 443 952 quod
462 873 528 954 ipse
547 872 680 934 Cheden
698 873 828 934 deberet
845 873 960 934 habere
982 893 1079 935 unam
1097 873 1220 934 literam
1236 895 1252 935 a
1270 874 1374 954 judice
1393 876 1476 937 dicte

217 979 353 1041 civitatis
378 994 408 1041 et
433 980 565 1040 transire
590 980 671 1040 circa
698 980 802 1061 ipsum
828 981 1025 1062 Myndorffer
1058 994 1088 1041 et
1112 996 1254 1063 repetere
1279 1003 1328 1043 res
1351 1003 1423 1043 suas
1447 995 1477 1043 et

216 1105 347 1147 suorum
374 1086 598 1147 consociorum
624 1100 654 1146 et
679 1086 778 1147 eciam
804 1087 918 1147 rescire
935 1101 1065 1168 propter
1088 1107 1184 1168 quam
1210 1108 1276 1148 rem
1294 1088 1361 1169 ipse
1387 1089 1478 1170 Myn-

216 1193 333 1253 dorffer
358 1193 478 1255 detinet
503 1214 552 1253 res
575 1207 605 1253 et
639 1195 722 1253 bona
748 1194 909 1274 ipsorum;
943 1213 1038 1274 quam
1072 1213 1198 1254 causam
1224 1194 1290 1275 ipse
1316 1195 1478 1254 Johannes

216 1299 390 1382 Perowych
416 1300 590 1381 appellavit
614 1301 652 1360 ad
678 1301 823 1360 seniores
848 1300 980 1378 judices.

323 1408 399 1468 Item
433 1426 560 1467 causam
598 1407 678 1466 inter
714 1405 891 1467 Johannem
927 1407 1100 1488 Perowych
1134 1421 1164 1466 ct
1198 1407 1278 1466 inter
1314 1407 1476 1467 Thomam

216 1512 350 1574 Cheden
387 1514 515 1574 racione
551 1513 798 1594 vituperacionis
834 1525 864 1574 et
889 1513 1121 1593 appellationis
1161 1513 1264 1592 ipsum
1299 1511 1478 1572 Johannem

216 1619 390 1702 Perowych
416 1620 517 1681 filium
543 1620 727 1693 meretricis,
761 1620 853 1698 jurati
878 1619 1156 1696 adjudicaverunt,
1190 1618 1264 1699 quia
1291 1619 1357 1699 ipse
1384 1619 1476 1678 Pero·

214 1726 305 1808 vvych
331 1727 435 1808 ipsum
454 1727 646 1807 vituperium
665 1745 737 1786 cum
755 1726 888 1786 testibus
905 1725 1138 1805 comprobavit,
1157 1724 1229 1784 ideo
1249 1725 1315 1805 ipse
1333 1724 1479 1784 Thomas

216 1833 472 1914 condempnatus
496 1847 542 1892 est
568 1835 598 1892 in
624 1832 733 1893 decem
760 1833 866 1913 pensis
892 1832 949 1913 ipsi
974 1831 1111 1891 Johanni
1138 1830 1312 1912 Perowych
1338 1845 1368 1890 et
1393 1850 1478 1891 com-

215 1942 362 2003 munitati
388 1956 516 2002 centum
542 1941 702 2018 denarios,
734 1941 813 2002 etsi
846 1941 980 2002 ulterius
1005 1940 1066 2000 hoc
1097 1954 1286 2021 attemptare
1312 1960 1477 2021 presump-

214 2046 299 2124 serit,
325 2066 439 2127 penam
465 2048 608 2128 pacietur
634 2047 664 2106 in
690 2061 807 2108 statuto
833 2047 1055 2127 conscriptam.

321 2153 398 2213 Item
425 2174 553 2214 causam
578 2154 660 2214 inter
684 2168 865 2214 consortem
895 2153 978 2213 Petri
1010 2153 1180 2229 sellatoris,
1205 2143 1238 2213 ut
1262 2153 1423 2229 actricem,
1449 2167 1480 2213 et

216 2259 417 2319 Anthonium
437 2258 625 2340 Oprasnvch
644 2259 771 2321 racione
788 2259 965 2320 ablacionis
982 2258 1147 2320 cuiusdam
1166 2257 1230 2319 fimi
1251 2273 1335 2319 extra
1354 2259 1477 2318 Novam

215 2379 338 2445 portam
364 2386 465 2447 prope
491 2365 676 2447 Perou'ych,
702 2366 768 2447 ipsa
801 2366 903 2443 iurare
928 2366 1090 2427 tenebitur
1123 2363 1199 2426 feria
1224 2380 1309 2425 sexta
1335 2364 1478 2445 proxime

215 2484 347 2532 ventura
374 2473 404 2532 in
431 2493 483 2532 ara
508 2487 614 2532 sancte
641 2471 765 2551 Crucis,
797 2473 884 2552 quod
919 2473 972 2533 itte
997 2471 1091 2533 fimus
1116 2471 1175 2533 fuit
1208 2472 1307 2553 ipsius
1332 2470 1480 2551 proprius

215 2590 244 2636 et
268 2597 324 2658 per
347 2578 501 2638 animalia
527 2578 625 2659 ipsius
649 2576 760 2656 factus,
785 2591 816 2639 et
841 2579 917 2639 dum
950 2577 1078 2659 jurabit,
1103 2592 1178 2638 tunc
1204 2577 1270 2658 ipse
1296 2575 1479 2637 Anthonius

215 2682 346 2745 debebit
370 2684 495 2745 solvere
521 2684 626 2745 eidem
651 2685 762 2745 decem
795 2705 927 2763 marcas,
960 2685 1053 2745 cuius
1078 2686 1140 2757 due
1173 2698 1276 2767 partes
1300 2684 1358 2765 ipsi
1385 2682 1477 2743 uxori

214 2803 244 2848 et
266 2791 362 2851 tercia
387 2811 458 2873 pars
482 2792 717 2853 communitati.

271 3010 367 3083 Feria
397 3021 493 3083 sexta
523 3016 676 3101 proxima
714 3022 791 3102 post
826 3013 947 3084 festum
977 3013 1247 3098 saracenicis,
1277 3024 1425 3102 quatuor

745 3146 939 3226 temporum.

703 3289 767 3366 (19.
792 3288 983 3367 septembris).

321 3430 398 3491 Item
423 3429 556 3510 provida
591 3429 721 3491 domina
749 3429 923 3491 Katherina
957 3441 1079 3506 vocata,
1111 3448 1242 3489 consors
1267 3429 1350 3489 Petri
1382 3430 1474 3490 sella·

217 3537 306 3613 toris,
330 3536 472 3596 concivis
498 3550 615 3613 nostra,
642 3534 717 3595 feria
743 3550 827 3595 sexta
846 3536 991 3616 proxima
1009 3548 1081 3595 ante
1107 3533 1222 3595 festum
1241 3549 1347 3595 sancte
1365 3534 1478 3596 Crucis

216 3642 429 3721 juramentum
457 3642 516 3701 sibi
542 3661 600 3723 pro
625 3642 766 3721 quodam
793 3640 869 3703 fimo
902 3661 958 3723 per
983 3641 1184 3701 Anthonium
1210 3640 1396 3723 Oprasnych
1423 3641 1475 3701 ad·

216 3746 403 3827 judicatum,
429 3748 564 3828 prestitit
589 3762 622 3808 ut
648 3746 769 3808 debuit.

321 3852 396 3914 ltem
414 3853 561 3914 Vrbanus
573 3853 716 3931 claudus,
730 3854 811 3913 circa
825 3868 969 3914 sanctum
988 3853 1173 3928 Matrinum,
1188 3871 1244 3912 nec
1262 3872 1326 3913 non
1345 3872 1474 3912 consors

215 3957 271 4019 filii
290 3959 445 4037 eiusdem,
471 3961 685 4039 juramentum
705 3960 764 4020 sibi
790 3973 819 4020 et
837 3959 940 4019 eidem
955 3958 1093 4019 consorti
1112 3957 1259 4019 similiter
1275 3978 1330 4018 sue
1348 3957 1472 4035 adjudi-

215 4079 320 4127 catum
340 4067 467 4127 racione
485 4066 676 4147 suspicionis
688 4063 842 4127 surticinii
861 4065 1025 4126 cuiusdam
1042 4064 1134 4142 milii,
1152 4064 1286 4145 prestitit
1304 4078 1337 4125 ut
1354 4064 1475 4124 debuit.

320 4172 397 4232 Item
422 4173 519 4233 tercia
544 4172 613 4232 vice
637 4170 869 4253 proclamatum
903 4184 959 4247 est,
992 4184 1026 4232 ut
1051 4169 1186 4231 Mathias
1211 4170 1397 4252 Spyhvsych
1422 4184 1476 4231 aut

215 4278 359 4339 Thomas
391 4299 489 4359 gener
524 4279 649 4339 Kozten
675 4292 705 4339 et
737 4276 821 4339 filius
853 4278 972 4338 Vrbani
1006 4277 1111 4338 claudi
1144 4293 1297 4338 vocantur
1321 4276 1360 4337 ad
1393 4275 1474 4356 judi-

214 4383 311 4461 cium,
336 4384 386 4444 vel
410 4385 435 4444 si
461 4385 515 4464 qui
541 4399 644 4445 essent
669 4403 726 4465 pro
752 4384 797 4446 eis
821 4397 1054 4465 procuratores,
1083 4384 1228 4444 venirent
1253 4397 1337 4445 etse
1362 4403 1474 4464 expur-

213 4504 325 4569 garent
347 4509 405 4570 pro
431 4491 487 4550 illo
512 4489 675 4551 furticinio
698 4489 863 4550 cuiusdam
896 4489 976 4550 milii
1004 4487 1109 4550 relicte
1135 4488 1269 4549 Chehko
1302 4487 1395 4564 facto,
1420 4489 1474 4568 qui

213 4617 273 4656 nec
298 4611 453 4657 venerunt
478 4616 583 4677 neque
608 4617 665 4678 pro
689 4616 723 4657 se
749 4597 872 4657 mittere
892 4615 1042 4656 curarunt
1070 4614 1128 4677 pro
1154 4595 1230 4676 ipsis
1248 4595 1475 4677 responsalem.

320 4703 397 4763 Item
422 4722 549 4763 causam
575 4702 657 4763 inter
681 4703 812 4763 Ravvsar
843 4722 879 4764 ac
911 4701 1110 4763 Anthonium
1137 4700 1222 4762 Roth
1255 4715 1285 4762 et
1309 4701 1474 4762 dominam

213 4822 395 4872 consortem
428 4809 572 4872 eiusdem
604 4809 733 4871 racione
768 4808 985 4892 quorumdam
1027 4807 1210 4870 debitorum
1243 4827 1298 4891 per
1337 4807 1474 4870 condam
