3488 5272
270 319 330 379 106
687 315 887 394 Ann01456.
913 350 954 359 -
975 329 1005 392 7.
1029 315 1111 376 matt.

374 527 451 590 ltem
478 530 624 591 Andreas
640 542 742 590 sartor
757 548 856 610 gener
872 529 1048 613 Perowycb
1066 541 1178 590 eontra
1196 527 1404 590 Valentinum
1428 528 1529 590 tribu·

266 635 383 698 tarium
407 636 550 698 secundo
574 637 689 698 citatus
714 655 779 697 non
804 637 993 719 comparuit.

374 742 450 804 ltem
475 740 569 824 jurati
594 742 860 822 adjudicaverunt
880 762 1008 805 causam
1035 743 1117 804 inter
1134 741 1301 803 dominam
1327 741 1447 802 Rosam
1464 759 1531 802 ma·

268 864 349 910 trem
374 850 512 911 condam
537 849 661 910 domini
687 849 816 911 Martini
841 849 1008 931 presbiteri
1031 864 1063 911 et
1091 848 1173 910 inter
1197 847 1367 909 dominum
1392 848 1530 908 Ambro-

265 954 349 1016 sium
373 955 548 1038 plebanum
574 955 707 1016 ecclesie
725 969 832 1016 sancte
850 954 966 1017 Crucis
989 955 1022 1016 in
1041 954 1195 1038 Huthyna
1222 953 1357 1016 infacto
1383 953 1531 1035 inpigno-

268 1060 405 1122 racionis
438 1060 603 1123 cuiusdam
629 1061 719 1123 litere
752 1075 873 1124 motam
906 1075 937 1124 et
969 1075 1158 1139 vertentem,
1182 1061 1238 1123 tali
1270 1061 1381 1139 modo,
1406 1074 1440 1123 ut
1465 1060 1531 1143 ipse

272 1166 423 1229 dominus
447 1167 638 1230 Ambrosius
662 1168 827 1249 presbiter,
852 1168 994 1229 concivis
1026 1181 1144 1246 noster,
1169 1182 1283 1229 octavo
1309 1167 1361 1228 die
1387 1166 1531 1249 proxime

265 1287 401 1335 venturo
425 1273 575 1336 videlicet
601 1272 677 1335 feria
702 1287 787 1336 sexta
821 1274 916 1336 debet
939 1273 992 1335 hic
1016 1275 1047 1336 in
1081 1295 1133 1336 ara
1158 1287 1264 1336 sancte
1290 1274 1405 1337 Crucis
1428 1273 1531 1354 jurare

265 1399 361 1462 super
385 1400 435 1458 eo,
462 1394 495 1441 ut
528 1380 690 1461 predictus
725 1380 877 1442 dominus
910 1382 1067 1442 Martinus
1095 1381 1252 1463 presbiter
1282 1380 1408 1442 literam
1441 1399 1532 1441 suam

266 1486 395 1547 civilem
420 1486 480 1568 ipsi
505 1486 640 1547 domino
665 1486 839 1548 Ambrosio
863 1506 922 1568 pro
951 1501 1025 1549 octo
1051 1487 1120 1550 flor.
1154 1487 1385 1570 inpignoravit,
1410 1487 1532 1569 etipsa

267 1591 357 1653 litera
381 1606 441 1653 stat
465 1592 525 1654 sibi
543 1611 601 1674 pro
627 1592 748 1654 eisdem
773 1606 847 1655 octo
864 1591 934 1655 flor.
958 1594 990 1654 in
1015 1594 1163 1677 pignore,
1188 1608 1219 1656 et
1235 1593 1261 1655 si
1279 1593 1440 1674 juraverit,
1457 1606 1533 1655 tunc

267 1698 333 1780 ipsa
358 1698 490 1759 domina
517 1698 601 1759 Rosa
627 1698 728 1780 ipsam
753 1698 878 1760 literam
903 1700 943 1760 ab
968 1699 1037 1781 ipso
1056 1699 1190 1761 domino
1208 1700 1383 1762 Ambrosio
1402 1698 1532 1761 debebit

267 1805 441 1882 redimere;
465 1806 490 1867 si
516 1820 624 1868 autem
648 1825 714 1869 non
740 1805 862 1869 venerit
886 1821 917 1868 et
952 1827 1017 1870 non
1041 1807 1204 1889 juraverit,
1236 1822 1313 1871 tunc
1338 1809 1406 1889 ipsa
1439 1806 1531 1868 litera

266 1912 334 1974 sine
359 1913 448 1974 omni
473 1914 657 1995 pecuniaria
681 1914 848 1975 solucione
875 1914 933 1996 ipsi
960 1915 1093 1977 domine
1118 1915 1205 1977 Rose
1230 1914 1321 1977 reddi
1347 1915 1487 1977 debebit.

374 2037 451 2099 ltem
484 2038 559 2120 quia
592 2037 738 2121 Matbyas
770 2039 946 2122 waarycb
980 2040 1123 2102 indebite
1155 2055 1186 2103 et
1216 2040 1324 2102 minus
1350 2040 1442 2121 juste,
1466 2059 1531 2101 non

265 2145 472 2225 requirendo,
505 2145 679 2207 Martinum
705 2146 869 2229 Zadarycb
903 2147 1026 2226 justicia
1061 2147 1222 2209 mediante
1256 2166 1363 2209 coram
1397 2146 1530 2208 domino

265 2270 325 2312 suo
349 2270 423 2312 cum
448 2253 538 2315 litera
563 2253 701 2316 civitatis
733 2254 872 2316 eundem
897 2256 1072 2318 Martinum
1106 2255 1246 2318 detinuit
1269 2270 1300 2316 et
1324 2254 1532 2317 incarceravit

266 2376 339 2418 cum
365 2359 467 2441 capite
485 2379 554 2437 suo,
580 2360 653 2422 ideo
671 2360 763 2439 jurati
788 2361 1055 2437 adjudicaverunt
1073 2363 1175 2444 ipsam
1194 2381 1322 2423 causam
1347 2361 1402 2423 tali
1421 2361 1531 2437 modo,

267 2476 302 2525 ut
326 2464 394 2545 ipse
420 2465 566 2548 Matbyas
598 2466 774 2549 waarycb
807 2469 959 2529 remansit
992 2482 1100 2530 contra
1134 2469 1239 2551 ipsum
1266 2468 1440 2530 Martinum
1473 2468 1531 2528 Za-

269 2569 387 2653 darycb
413 2571 443 2632 in
469 2572 543 2633 vivo
568 2572 720 2654 homagio
745 2574 895 2636 videlicet
927 2575 958 2635 in
984 2595 1037 2636 sex
1072 2575 1186 2636 marcis
1209 2574 1427 2652 denariorum,
1451 2593 1533 2656 quas

268 2678 327 2740 sibi
352 2699 454 2761 usque
479 2680 660 2761 quindenas
683 2682 808 2744 solvere
833 2682 1001 2744 tenebitur.

373 2786 450 2848 ltem
476 2787 551 2868 quia
585 2787 720 2849 Michael
753 2787 898 2849 literatus
929 2786 1014 2850 filius
1047 2788 1183 2850 condam
1219 2787 1315 2849 Blasii
1341 2786 1466 2866 judicis,
1498 2800 1532 2847 ut

273 2907 371 2969 actor,
396 2893 435 2954 ad
468 2894 712 2976 proponendam
747 2909 777 2956 et
809 2895 966 2975 agendam
999 2896 1164 2957 accionem
1188 2914 1278 2956 suam
1302 2908 1411 2956 contra
1444 2892 1530 2955 Con·

272 2999 386 3060 tadum
413 3001 545 3061 liawsar
569 3001 707 3079 judicem
732 3002 924 3063 modernum
959 3002 1094 3063 civitatis
1126 3002 1267 3083 predicte
1292 3000 1388 3062 hodie
1415 3000 1445 3059 in
1470 3012 1530 3060 ter·

271 3106 361 3166 mino
386 3106 535 3169 videlieet
560 3109 815 3189 comparacionis
839 3109 898 3169 sibi
924 3128 979 3189 per
998 3108 1260 3168 communitatem
1287 3107 1441 3189 deputato
1466 3125 1529 3166 non

270 3212 356 3273 venit
381 3232 485 3293 neque
510 3214 651 3294 aliquem
677 3235 734 3296 pro
752 3235 784 3274 se
810 3216 905 3291 misit,
932 3215 1004 3276 ideo
1022 3215 1172 3275 remansit
1191 3214 1274 3274 idern
1302 3212 1438 3274 blichael
1456 3211 1523 3271 lite·

268 3333 354 3380 ratus
373 3336 406 3380 ut
423 3335 510 3380 actor
524 3322 554 3381 in
570 3322 708 3402 birsagio
722 3322 806 3383 sedis
824 3339 927 3383 nostre
943 3336 1096 3383 consveto
1114 3321 1226 3381 ordine
1242 3320 1318 3393 juris
1335 3319 1526 3399 requirente.

372 3443 449 3505 ltem
475 3446 549 3525 quia
568 3445 729 3507 lohannes
754 3448 896 3508 literatus
922 3447 1008 3508 lilius
1037 3446 1173 3506 condam
1194 3444 1323 3526 biarbye
1350 3441 1529 3524 Rakarych‚

268 3549 363 3610 hodie
399 3551 436 3610 ad
471 3552 659 3613 instanciam
694 3555 778 3614 luce
812 3556 940 3614 sartoris
973 3554 1163 3615 successoris
1195 3552 1330 3613 condam
1365 3550 1528 3611 benedicti

268 3655 405 3738 Gywani
432 3674 461 3718 et
487 3660 642 3722 consortis
666 3681 734 3729 sue,
759 3660 855 3721 bodie
888 3682 951 3722 non
977 3663 1063 3722 venit
1098 3662 1128 3720 in
1154 3660 1350 3742 presenciam
1377 3657 1475 3719 nostri
1499 3668 1530 3717 et

267 3783 330 3825 non
357 3765 507 3848 deposuit
541 3767 756 3839 jurantentunt
785 3770 843 3829 sibi
880 3789 935 3851 per
962 3770 1078 3843 juratos
1111 3768 1340 3841 adiudicatum,
1366 3766 1438 3827 ideo
1463 3764 1529 3845 ipse

267 3870 429 3932 Johannes
455 3873 597 3934 literntus
622 3876 760 3957 perdidit
780 3889 809 3937 et
834 3877 939 3938 amisit
959 3876 1059 3957 ipsunt
1078 3894 1205 3936 causum
1232 3893 1332 3941 susm,
1351 3872 1529 3954 predictum

265 3990 373 4039 autem
401 3979 520 4040 lucani
547 3997 699 4043 sartorem
734 4002 805 4042 eunt
841 3984 906 4063 ipset
940 4002 1038 4043 uxore
1063 4003 1118 4043 suu
1145 3983 1175 4042 in
1202 3981 1313 4042 eadem
1348 3999 1440 4040 causa
1472 3995 1529 4037 sus

266 4084 468 4147 reddidimus
493 4085 559 4147 lore
585 4088 780 4169 expeditum.

361 4322 457 4396 Feria
487 4338 585 4396 sextu
615 4331 766 4415 proxima
796 4340 869 4416 post
901 4330 1021 4399 testum
1054 4329 1268 4399 ‚lseensionis
1296 4326 1435 4396 llomiui.

833 4514 856 4557 ”.
884 4521 954 4557 ”nm
972 4543 979 4557 s

373 4654 448 4715 ltem
479 4654 646 4737 Philippus
668 4672 756 4719 sutor
780 4673 891 4719 contro
919 4658 1058 4719 lllssiunt
1084 4673 1225 4718 sutorem
1250 4656 1392 4719 secundo
1417 4656 1530 4716 citatus

266 4779 332 4825 nott
359 4762 549 4847 comparuit.
