3488 5272
576 362 663 420 Anno
686 359 780 441 1466.
805 397 848 407 -
871 359 924 424 28.
941 363 1107 440 februarii.
1411 384 1467 448 ²9¹

206 573 295 634 mino
321 574 351 634 in
370 572 514 655 predicto
531 594 587 656 per
606 574 705 656 ipsam
724 575 889 637 dominam
916 577 1058 638 relictam
1078 577 1176 658 ipsius
1194 579 1331 639 condam
1352 578 1471 639 Mathie

208 679 435 762 Kwnoberych
461 695 492 741 et
524 700 633 741 earum
666 679 837 743 fassionem
864 682 1090 763 producendos
1122 683 1233 744 audire
1265 685 1468 746 tenebuntur.

312 786 390 848 ltem
416 806 543 848 causam
578 787 659 848 inter
683 787 818 849 Paulum
850 787 1061 866 aurifabrum,
1087 805 1120 850 ut
1151 805 1290 851 actorem
1329 791 1369 851 ab
1393 810 1469 868 una,

207 905 237 954 et
263 893 345 954 inter
370 892 558 954 Conradum
584 894 725 972 Rawsar,
750 895 909 955 seniorem
935 894 1086 974 iudicem,
1111 910 1141 955 et
1158 896 1310 956 concives
1335 909 1470 973 nostros,

207 1001 334 1060 racione
360 1000 558 1080 objeccionis
582 1001 640 1082 ipsi
668 1000 769 1062 Paulo
794 1021 849 1083 per
867 1002 971 1084 ipsum
997 1001 1185 1063 Conradum
1212 1002 1344 1062 Rawsar
1361 1015 1470 1063 notam

210 1105 408 1166 infidelitatis
431 1121 462 1167 et
486 1106 670 1188 calumpnie
695 1120 725 1167 et
749 1127 782 1168 se
801 1107 887 1188 ipsos
911 1127 967 1189 per
984 1108 1184 1169 Anthonium
1208 1108 1345 1186 judicem
1371 1122 1401 1169 et
1424 1108 1470 1188 ju-

206 1226 292 1273 ratos
317 1212 368 1274 hic
394 1213 423 1273 in
459 1213 649 1274 consistorio
682 1213 721 1273 ad
753 1214 855 1295 capita
890 1234 1001 1275 eorum
1033 1213 1244 1291 detencionis,
1270 1232 1328 1295 pro
1352 1213 1471 1293 quibus

206 1319 365 1379 ambobus
389 1317 592 1380 fideiussores
616 1318 750 1380 luissent
774 1335 804 1381 et
829 1320 949 1381 eisdem
969 1320 1125 1382 terminus
1149 1320 1288 1401 primum
1315 1318 1469 1398 judicium

206 1425 334 1486 racione
359 1426 468 1507 previa
494 1425 666 1507 deputatus
690 1426 861 1502 extitisset;
886 1439 916 1488 et
941 1427 1015 1507 quia
1034 1426 1145 1488 eedem
1172 1427 1265 1486 ambe
1289 1438 1393 1506 partes
1410 1439 1470 1486 ter·

207 1531 331 1593 minum
357 1531 397 1592 ad
423 1532 562 1593 eundem
588 1551 695 1594 coram
729 1532 823 1593 nobis
855 1533 1118 1614 comparuissent,
1152 1532 1226 1592 ideo
1252 1550 1310 1591 nos
1334 1531 1470 1591 eandem

207 1657 333 1700 causam
361 1659 461 1719 usque
487 1640 625 1721 primum
660 1637 817 1719 judicium
850 1659 905 1720 per
930 1659 988 1699 nos
1012 1638 1080 1700 fieri
1113 1639 1297 1700 debendum
1322 1637 1472 1698 duximus

205 1745 443 1826 prorogandam
476 1746 501 1806 si
534 1746 729 1807 concordare
764 1760 924 1827 poterunt,
957 1761 987 1807 et
1016 1745 1121 1807 eidem
1155 1743 1308 1806 Conrado
1341 1744 1472 1804 Ran'sar

205 1854 341 1933 probare
367 1851 467 1933 ipsam
494 1850 716 1913 infidelitatem
742 1872 849 1913 coram
877 1852 969 1912 nobis
994 1851 1229 1933 deputavimus.

312 1957 390 2018 ltem
424 1957 570 2019 Thomas
603 1973 692 2019 sutor
723 1977 822 2039 gener
854 1958 1033 2020 Clementis
1065 1957 1233 2039 freniparis
1265 1974 1375 2022 contra
1400 1960 1469 2020 Bla-

206 2063 289 2124 sium
323 2062 503 2125 carnificem
537 2063 795 2146 Chwdawclryclr
831 2063 963 2142 dictum,
997 2064 1093 2125 tercia
1126 2065 1193 2126 vice
1226 2065 1339 2127 citatus
1363 2085 1469 2127 coram

206 2170 310 2250 judice
336 2189 401 2233 non
427 2172 607 2254 comparuit
631 2186 660 2232 et
685 2170 815 2233 tandem
840 2171 945 2253 primo
963 2172 1179 2252 proclamatus
1204 2173 1234 2233 in
1260 2173 1380 2252 judicio
1405 2193 1469 2234 non

206 2278 387 2358 comparuit
410 2278 443 2338 in
468 2277 600 2357 judicio.

313 2383 391 2444 ltem
417 2383 571 2445 discretus
596 2383 644 2443 vir
668 2383 820 2445 dominus
838 2383 992 2446 Clemens
1016 2385 1171 2465 presbiter
1187 2386 1338 2466 magister
1362 2386 1470 2468 hospi-

206 2490 278 2552 talis
303 2492 395 2552 beate
420 2491 519 2552 Marie
544 2491 677 2572 virginis
714 2505 823 2552 contra
849 2491 1040 2573 Dyonlsium
1060 2492 1228 2574 Sypchych
1254 2493 1381 2553 racione
1399 2512 1469 2573 per·

209 2598 365 2659 cussionis
379 2617 450 2658 cum
465 2597 607 2678 quodam
621 2597 768 2674 biccello,
779 2599 883 2678 primo
897 2598 1010 2659 citatus
1024 2597 1185 2678 injudicio
1199 2618 1263 2659 non
1278 2599 1467 2680 comparuit.

314 2703 392 2764 ltem
424 2704 516 2784 jurati
559 2702 782 2784 adjudicarunt
822 2703 853 2763 in
886 2701 970 2764 facto
1007 2703 1173 2764 cuiusdam
1214 2704 1333 2765 canalis
1374 2717 1469 2786 prout

207 2810 324 2871 Paulus
348 2808 508 2870 aurifaber
532 2823 642 2870 contra
673 2809 814 2870 Blasium
847 2808 986 2887 judicem
1020 2809 1233 2892 Ztoymylych
1258 2812 1470 2892 proponebat,

205 2916 292 2997 quod
318 2917 430 2977 canale
455 2916 522 2997 ipse
548 2916 673 2976 Blasius
700 2915 794 2993 judex
819 2913 993 2976 reformare
1017 2918 1186 2978 tenebatur
1210 2935 1310 2997 usque
1335 2917 1469 2977 tercium

206 3023 290 3084 diem
316 3025 375 3084 sub
401 3043 483 3105 pena
517 3027 662 3104 quinque
688 3041 865 3083 marcarum
899 3022 944 3083 uti
977 3023 1064 3103 prius
1097 3023 1200 3105 ipsum
1224 3023 1334 3084 can‘ale
1359 3023 1470 3085 habuit

205 3150 298 3191 auum
333 3148 480 3206 cursum;
513 3129 641 3210 dequo
672 3127 793 3209 judicio
826 3129 893 3210 ipse
926 3129 1051 3189 Blasius
1083 3128 1178 3208 judex
1211 3149 1275 3190 non
1301 3143 1470 3191 contentus

208 3237 383 3320 appellavit
407 3236 447 3297 ad
470 3237 613 3297 seniores
637 3235 770 3316 judices.

313 3344 390 3404 ltem
423 3342 556 3425 quidam
588 3342 733 3403 Andreas
773 3341 916 3403 Croacus
956 3340 1040 3402 filius
1085 3341 1214 3403 Thome
1247 3341 1469 3424 Cwethynycb

206 3449 320 3528 dictus,
345 3450 384 3509 de
409 3449 556 3532 Gorycza
581 3449 742 3509 districtus
773 3447 812 3509 de
846 3449 980 3529 Lapecz,
1006 3445 1067 3508 fuit
1099 3462 1243 3529 repertus
1267 3462 1297 3509 et
1322 3448 1470 3509 inventus

207 3556 237 3616 in
263 3556 395 3638 publico
419 3554 502 3617 facto
534 3555 681 3637 potencie
714 3574 772 3635 pro
806 3554 947 3636 quodam
977 3573 1062 3634 equo
1095 3574 1192 3634 quem
1217 3555 1284 3636 ipse
1309 3568 1496 3635 receperat.

208 3662 238 3722 in
265 3661 475 3743 Konscbycza
499 3682 516 3723 a
541 3661 671 3722 Thoma
698 3660 820 3721 famulo
838 3660 1005 3721 Michaelis
1030 3660 1175 3742 Babsych
1200 3661 1238 3720 de
1265 3660 1422 3743 Prybych,
1440 3675 1471 3720 et

205 3787 261 3848 per
285 3769 424 3828 eundem
450 3767 613 3828 Thomam
631 3767 671 3827 ad
696 3766 854 3846 justiciam
872 3779 1027 3827 arestatus
1051 3780 1082 3826 et
1099 3767 1247 3827 detentus
1271 3765 1401 3841 fuisset;
1419 3767 1469 3827 cui

205 3872 333 3935 Andree
359 3874 398 3934 ad
417 3874 587 3934 instantem
612 3873 806 3954 peticionem
835 3871 953 3952 egregii
973 3871 1055 3933 Petri
1081 3871 1120 3932 de
1138 3871 1287 3954 Bykzaad
1312 3874 1469 3953 capitanei

204 3981 388 4061 spectabilis
423 4000 458 4041 ac
495 3977 657 4060 magnifici
693 3979 816 4040 domini
850 3978 909 4038 lan
941 3978 1075 4059 Zagorie
1109 3979 1235 4038 comitis
1267 3991 1297 4039 et
1330 3979 1468 4039 aliorum

206 4106 305 4168 quam
328 4087 543 4168 plurimorum
569 4085 730 4146 nobilium
755 4085 898 4146 virorum
915 4084 1084 4145 bominum
1102 4097 1132 4145 et
1156 4082 1362 4145 familiarium
1388 4085 1470 4145 eius-

206 4191 281 4254 dem
306 4191 430 4253 domini
458 4192 515 4253 lan
541 4205 587 4253 est
616 4189 837 4252 misericordia
868 4188 949 4250 facta
976 4202 1009 4249 ut
1042 4189 1074 4248 in
1100 4208 1233 4271 corpore
1256 4209 1315 4250 suo
1339 4190 1471 4271 punitus

206 4319 270 4361 non
304 4298 374 4376 fuit,
407 4299 512 4361 taliter
542 4314 661 4377 tamen,
694 4298 783 4378 quod
817 4297 883 4379 ipse
918 4295 1062 4356 Andreas
1094 4309 1140 4356 est
1171 4296 1337 4357 convictus
1361 4310 1469 4357 contra

205 4407 310 4486 ipsum
344 4405 508 4467 Thomam
542 4405 670 4465 racione
703 4406 851 4487 potencie
886 4403 916 4463 in
950 4400 1062 4461 decem
1098 4403 1212 4463 marcis
1237 4403 1278 4463 ita
1311 4402 1470 4480 videlicet,

207 4512 295 4593 quod
321 4513 388 4574 leao
414 4512 444 4573 in
463 4511 589 4573 duabus
613 4511 756 4592 partibus
780 4507 966 4571 earumdem
984 4507 1095 4568 decem
1120 4527 1298 4583 marcarum
1323 4528 1359 4570 ac
1377 4509 1471 4569 nobis

207 4617 238 4678 in
262 4618 358 4679 tercia
385 4631 473 4699 parte
498 4617 647 4677 videlicet
680 4614 915 4691 communitati,
945 4627 976 4674 et
1001 4611 1088 4693 quod
1122 4613 1189 4694 ipse
1215 4613 1359 4674 Andreas
1383 4632 1471 4674 recu·

207 4744 317 4805 perare
342 4723 504 4786 tenebitur
527 4737 557 4784 et
581 4723 705 4784 solvere
736 4740 850 4783 omnes
873 4737 1029 4799 expensas
1060 4716 1144 4780 facto
1169 4719 1200 4781 in
1227 4720 1383 4800 premisso
1408 4718 1471 4781 lac·

206 4843 310 4893 illum
336 4844 367 4893 el
389 4843 582 4893 mutarum.
1363 4909 1379 4937 ι
