3488 5272
243 320 299 382 128
476 370 482 381 .
652 325 738 379 Anno
761 331 850 398 1457.
880 353 920 362 -
940 334 973 395 3.
991 320 1085 394 jumi.

1227 418 1498 430 —.-.-—.-

237 533 268 594 iu
294 530 377 594 iacto
402 531 568 594 cuiusdam
594 531 710 594 domus
735 531 765 593 in
784 546 865 593 terra
889 530 1017 592 claustri
1035 530 1135 591 sancti
1152 529 1276 590 Nicolai
1302 524 1443 609 episcopi
1470 536 1502 585 et

237 637 427 700 confessoris
464 639 494 699 in
520 638 680 699 territorio
704 637 840 699 civitatis
871 637 1011 719 predicte
1037 636 1155 712 habite,
1180 648 1289 696 contra
1314 629 1498 694 claustrales

237 743 348 806 fratres
372 743 503 826 predicti
529 743 657 805 claustri
681 744 780 805 sancti
806 743 930 804 Nicolai
964 741 1105 823 episcopi
1131 754 1162 802 et
1185 738 1384 801 confessoris.

343 848 422 911 Item
456 848 530 911 licet
562 849 745 910 Anthoniua
776 847 861 910 lilius
887 847 1020 929 Georgii
1052 848 1092 908 de
1117 844 1250 928 Dedych
1283 845 1433 906 inventus
1457 852 1504 901 est

237 955 267 1016 in
295 953 379 1017 furtu
404 955 566 1035 lignorum
592 955 623 1015 in
649 955 728 1017 silva
746 955 901 1016 heredum
921 954 1058 1016 condam
1084 952 1180 1014 Blasii
1205 950 1331 1032 judicis,
1355 948 1410 1030 qui
1428 946 1503 1008 licet

238 1081 295 1143 pro
320 1061 390 1143 ipso
415 1059 501 1122 furtu
525 1061 678 1142 suspendi
696 1061 868 1134 debuisset,
893 1074 1000 1122 tarnen
1026 1080 1081 1141 per
1105 1059 1300 1142 peticionem
1325 1057 1501 1137 proborum

237 1168 378 1229 virorum
405 1167 510 1229 eidem
546 1167 712 1229 Anthonio
744 1187 802 1249 pro
834 1167 936 1248 prima
962 1167 1164 1229 correctione
1195 1164 1335 1245 graciam
1368 1160 1504 1223 fecimus

237 1292 332 1355 super
356 1292 406 1349 eo,
432 1286 464 1334 ut
490 1274 557 1355 ipse
583 1273 621 1334 de
645 1288 751 1335 cetero
775 1273 892 1334 similia
917 1293 981 1333 non
1001 1273 1180 1335 committat
1204 1286 1235 1333 et
1260 1269 1402 1350 predicta
1420 1266 1505 1328 mala

239 1377 318 1441 facta
344 1379 470 1456 defleat,
495 1381 551 1460 qui
576 1380 602 1441 si
627 1379 666 1442 de
692 1393 797 1441 cetero
820 1380 937 1441 similia
955 1378 1185 1462 perpetraverit
1209 1376 1293 1457 juxta
1319 1394 1376 1437 sua
1394 1373 1503 1435 derne·

239 1485 296 1547 rita
322 1486 483 1567 punietur.

345 1591 422 1653 ltem
447 1610 537 1653 soror
562 1592 686 1674 Agathe
711 1593 855 1655 mulieris
884 1594 985 1675 prima
1019 1593 1088 1653 vice
1113 1591 1153 1652 ad
1178 1586 1434 1672 comparendum
1458 1595 1506 1646 est

239 1696 445 1778 proclamata.

347 1802 423 1864 Item
450 1804 558 1866 Marco
576 1803 726 1887 ireoipari
741 1804 867 1865 rarione
894 1803 967 1866 furti
985 1802 1203 1884 quorumdam
1220 1818 1380 1882 equorum
1396 1796 1501 1861 cuius·

239 1907 312 1969 dam
338 1906 478 1969 hominis
502 1909 541 1970 de
566 1909 727 1992 Thopuzk
751 1929 843 1971 causa
868 1923 899 1971 et
920 1930 976 1992 per
999 1909 1193 1991 peticionem
1229 1905 1354 1969 domini
1380 1900 1499 1985 Doymi

240 2013 279 2074 de
306 2013 494 2096 Frangapan
521 2029 578 2079 etc.
603 2017 741 2096 graciam
776 2014 909 2076 fecimus
940 2035 1109 2096 supereo,
1134 2028 1169 2075 ut
1202 2015 1270 2096 ipse
1294 2010 1413 2073 similia
1438 2027 1504 2070 non

241 2118 432 2196 committat,
457 2120 511 2200 qui
536 2121 561 2182 si
587 2120 626 2183 de
649 2135 754 2182 cetero
779 2122 896 2183 similia
914 2121 1144 2203 perpetraverit
1167 2140 1242 2181 mox
1267 2118 1354 2198 juxta
1376 2136 1432 2179 sua
1451 2114 1506 2176 de·

241 2223 353 2287 merita
379 2225 539 2306 punietur.

349 2329 425 2392 ltem
452 2330 575 2411 Agatha
594 2351 673 2393 uxor
699 2332 852 2415 Stephani
878 2333 917 2395 de
936 2332 1115 2417 Gorrmlye
1139 2346 1249 2394 contra
1267 2327 1504 2411 Margaretham

242 2435 417 2517 predictam
444 2434 660 2514 juramentum
685 2437 745 2500 sibi
777 2438 994 2518 adjudicatum
1026 2446 1057 2500 in
1083 2439 1166 2500 facto
1198 2437 1366 2499 cuiusdam
1390 2451 1506 2516 supare

241 2541 340 2621 vttlgo
365 2541 509 2623 surlycza
528 2542 622 2619 dicte,
646 2542 743 2604 hodie
770 2547 884 2605 eodem
903 2543 1001 2607 modo
1026 2546 1161 2627 prestitit
1184 2558 1218 2605 ut
1242 2543 1354 2604 debuit
1378 2555 1409 2603 et
1425 2541 1507 2601 sicut

241 2647 302 2709 ribi
328 2645 386 2708 tuit
411 2646 642 2725 aditrdicatum,
668 2648 741 2711 ideo
767 2651 867 2731 ipsam
893 2651 1051 2732 Agatham
1084 2649 1168 2712 lacto
1196 2651 1228 2710 in
1254 2648 1412 2732 premisso
1436 2644 1507 2706 red·

241 2752 383 2814 didimus
407 2752 601 2835 expeditam.

349 2856 425 2918 ltem
453 2856 544 2931 jurati
570 2859 834 2935 adiudicaserunt
858 2881 985 2923 causam
1019 2863 1102 2922 inter
1125 2861 1296 2923 dominum
1320 2859 1506 2921 Barnabam

242 2964 416 3025 altariolum
442 2978 472 3025 et
498 2963 578 3025 inter
612 2964 751 3025 Blasiunt
786 2965 922 3037 iuratum
954 2968 1146 3028 modernum
1178 2968 1308 3028 racione
1340 2962 1508 3026 cuiusdam

244 3069 352 3131 l'osaati
379 3069 458 3131 eirca
483 3083 597 3130 terrant
623 3069 735 3150 prelati
756 3071 851 3132 Blasii
877 3072 987 3145 habiti,
1011 3074 1117 3134 taliter
1134 3088 1164 3132 et
1188 3092 1228 3133 eo
1252 3070 1364 3146 modo,
1389 3084 1424 3130 ut
1441 3069 1509 3151 ipse

243 3175 396 3237 dontinus
423 3175 583 3236 Barnabas
607 3175 701 3237 debet
719 3177 894 3257 predictam
916 3193 1031 3239 terram
1051 3179 1150 3258 ipsius
1167 3177 1264 3238 Blasii
1291 3176 1384 3256 jurati
1402 3173 1509 3236 colere

244 3300 332 3343 irrora
367 3280 462 3341 solito
495 3280 533 3340 de
568 3281 715 3359 terragio.
741 3297 770 3342 et
803 3285 975 3362 terragium
1010 3283 1105 3344 debet
1135 3283 1279 3357 solvere3
1309 3284 1376 3364 ipse
1401 3293 1510 3342 autem

247 3386 370 3448 Blattius
396 3385 515 3457 istratus
540 3386 634 3446 deber
659 3386 793 3447 casulem
819 3401 934 3447 terrain
958 3387 1084 3449 l'ossatis
1108 3388 1320 3450 circumdare.

352 3491 427 3551 ltetu
455 3490 609 3551 Martinus
634 3506 733 3551 sartor
759 3489 842 3552 tilius
868 3493 964 3553 staret
995 3494 1211 3563 iuramentum
1236 3494 1297 3554 sibi
1323 3493 1510 3574 nuperrime

247 3598 391 3659 videlicet
419 3595 495 3657 l'etia
520 3610 605 3656 setta
633 3610 701 3675 'arist
736 3595 850 3656 lestunt
886 3597 1089 3659 invencionis
1118 3613 1227 3659 sancte
1251 3597 1368 3660 Crucis
1399 3611 1512 3659 contra

245 3703 411 3764 «lutatiuaut
447 3701 652 3762 saldaniam
686 3700 826 3761 relictam
861 3703 997 3763 carradam
1029 3704 1156 3763 Andree
1189 3703 1305 3778 iudicis
1330 3702 1397 3764 th
1423 3702 1514 3782 dicti,

246 3807 464 3877 rtrltttdiratrau
491 3806 622 3887 prestitit
649 3805 764 3865 eodeni
783 3808 881 3866 tumlo
906 3808 986 3868 sicut
1011 3809 1070 3868 sibi
1089 3808 1148 3869 luit
1172 3809 1406 3887 adiudicatum,
1422 3808 1513 3870 vide-

247 3915 318 3976 litat
345 3927 375 3973 ut
402 3913 467 3991 ipss
503 3911 656 3970 Martinus
681 3925 779 3970 sartor
818 3913 959 3990 predicto
985 3915 1111 3974 ¹andree
1136 3913 1232 3981 iudici
1258 3914 1382 3976 nullam
1415 3933 1514 3996 pecu·

247 4020 332 4081 ttiaat
358 4016 530 4095 uldrgattn,
563 4016 615 4074 sed
643 4030 741 4075 totana
768 4017 934 4095 pecliniam
968 4037 1064 4097 quant
1089 4021 1148 4080 sibi
1174 4023 1343 4081 tenebatur
1367 4020 1514 4102 plenarie

248 4126 411 4207 potamia,
436 4137 463 4181 et
492 4123 564 4180 ideo
599 4140 701 4200 rpstitu
730 4121 900 4180 llarttuutu
925 4139 1077 4184 sartorem
1104 4125 1135 4184 in
1162 4123 1246 4186 lacto
1275 4126 1434 4187 dictarum
1458 4145 1515 4208 pe·

247 4234 413 4292 atttttattttu
440 4242 467 4287 ot
496 4246 592 4304 spissus
619 4226 785 4291 »saturnana
812 4226 1008 4287 reddidimus
1033 4230 1229 4309 expeditum.

409 4426 503 4497 tarta
534 4438 630 4495 arata
661 4428 813 4511 prasina
842 4438 919 4496 nate
948 4427 1068 4499 lestans
1102 4430 1352 4504 Penthecosles

813 4592 832 4635 l.
862 4598 932 4633 'asu
950 4622 957 4637 ,

357 4705 432 4767 ltour
453 4701 470 4763 l*
482 4699 624 4761 lissltotlt
640 4698 703 4759 tilis
723 4698 810 4757 tana
834 4699 1084 4763 solomani-ea
1101 4707 1257 4768 subtraxit
1274 4708 1517 4793 PetroDngyn

253 4831 349 4877 tralatu
376 4826 523 4893 stipatam
551 4804 646 4884 radgis
663 4803 805 4865 araitins
823 4804 939 4865 iliatam
965 4822 993 4867 et
1020 4827 1116 4870 uriam
1140 4811 1323 4893 dormirem
1346 4815 1518 4879 tumidam
