3488 5272
563 306 651 364 Anno
673 318 762 383 1473.
781 341 821 348 -
844 321 893 382 23.
914 308 1059 378 januarii,
1378 323 1420 385 4²
1427 326 1441 386 3

179 532 287 580 torum
313 518 438 597 exinde,
463 537 499 579 ac
523 537 579 601 per
605 517 748 578 villicum
774 533 805 579 et
828 517 948 597 juratos
972 520 1057 580 cives
1074 538 1146 579 cum
1171 537 1283 579 eorum
1308 538 1442 580 assesso·

181 625 268 686 ribus
292 625 519 706 adjudicatam,
544 639 575 687 et
598 626 729 686 tandem
762 645 869 687 coram
896 626 1000 704 judice
1025 640 1055 686 et
1087 625 1198 705 juratis
1224 641 1331 686 nostre
1356 644 1443 687 com·

180 732 346 793 munitatis
370 732 446 793 visis
469 731 591 810 juribus
615 732 714 814 ipsius
739 733 880 813 magistri
907 732 997 794 Pauli
1028 731 1180 814 predialis
1205 733 1236 792 in
1261 730 1344 793 facto
1361 732 1443 793 eius·

180 837 253 899 dem
279 838 383 900 civilis
407 852 438 900 et
462 837 570 919 (h)orti
595 838 822 917 adjudicatam,
847 843 932 900 etad
958 859 1017 900 nos
1041 840 1183 900 seniores
1199 839 1282 900 dicte
1308 838 1443 899 civitatis

178 944 373 1027 appellatam
399 944 530 1023 judices,
555 964 614 1005 nos
638 945 780 1006 seniores
805 944 927 1023 judices
952 944 1035 1006 lacto
1063 946 1094 1006 in
1120 946 1275 1026 premisso
1300 944 1374 1006 dicti
1400 944 1441 1005 ci·

181 1051 252 1112 vilis
276 1064 308 1112 et
339 1050 447 1132 (h)orti
480 1051 585 1112 taliter
617 1051 809 1128 invenimus,
842 1051 928 1131 quod
961 1052 1026 1132 ipse
1060 1051 1210 1131 magister
1235 1050 1353 1112 Paulus
1377 1070 1441 1111 non

179 1155 274 1218 habet
298 1157 405 1217 literas
428 1156 665 1238 procuratorias
683 1154 815 1218 fratrum
841 1176 971 1218 suorum
990 1158 1045 1238 qui
1071 1158 1276 1219 continemur
1301 1157 1332 1217 in
1351 1157 1441 1218 litera

178 1261 410 1342 adjudicatoria
443 1263 585 1344 ipsorum
619 1263 717 1324 villici
759 1279 789 1323 et
818 1263 993 1342 juratorum
1032 1264 1106 1325 dicti
1139 1264 1250 1346 oppidi
1284 1263 1442 1346 lwanych,

178 1389 259 1450 quos
283 1369 500 1431 communiter
523 1389 596 1430 cum
622 1371 737 1431 eodem
763 1370 915 1450 magistro
946 1371 1046 1431 Paulo
1073 1369 1189 1432 lactum
1217 1371 1315 1452 ipsius
1339 1371 1442 1432 civilis

177 1490 208 1537 et
231 1475 338 1557 (h)orti
364 1476 528 1537 concernit
552 1477 736 1557 negocium,
761 1496 819 1537 nec
844 1477 973 1538 easdem
999 1477 1105 1538 literas
1130 1496 1237 1538 coram
1263 1477 1356 1538 nobis
1375 1496 1440 1537 non

177 1582 329 1665 produxit
352 1601 411 1643 nec
439 1582 670 1644 demonstravit
693 1584 780 1663 quod
806 1583 872 1664 ipse
891 1581 1009 1644 lactum
1028 1584 1170 1664 ipsorum
1196 1584 1343 1644 omnium
1367 1603 1440 1666 pro·

177 1703 363 1770 sequeretur
387 1709 495 1751 coram
521 1690 596 1772 ipsis
620 1689 725 1770 judice
750 1703 781 1750 et
805 1688 915 1769 juratis
938 1711 975 1750 ac
1000 1691 1104 1768 nobis,
1129 1689 1352 1770 quodquidem
1378 1688 1440 1750 lac·

178 1810 246 1857 tum
282 1796 363 1857 inter
399 1799 528 1857 easdem
564 1809 669 1877 partes
704 1795 810 1857 taliter
846 1795 1038 1874 invenimus,
1070 1795 1158 1876 quod
1191 1795 1256 1876 ipse
1290 1795 1441 1875 magister

178 1901 296 1964 Paulus
320 1903 472 1985 predialis
489 1922 546 1984 pro
571 1921 604 1963 se
629 1917 660 1963 et
677 1902 814 1983 quilibet
837 1900 969 1963 fratrum
987 1920 1118 1962 suorum
1140 1902 1195 1982 qui
1220 1903 1440 1983 supervivunt,

176 2027 258 2090 quos
281 2028 412 2090 presens
434 2009 536 2089 tangit
560 2008 744 2088 negocium,
769 2027 873 2090 perse
899 2023 929 2068 et
953 2027 1063 2090 prose
1087 2008 1301 2088 juramentum
1328 2009 1359 2068 in
1385 2028 1438 2068 ara

175 2128 283 2176 sancte
308 2114 421 2177 Crucis
446 2115 476 2175 in
501 2114 634 2175 ecclesia
659 2127 765 2175 nostra
790 2113 964 2196 parochiali
987 2115 1087 2176 sancti
1112 2114 1209 2176 Marci
1234 2115 1439 2195 ewangeliste

177 2221 209 2282 in
234 2240 273 2282 eo
297 2235 438 2304 prestare
456 2233 486 2282 et
511 2221 674 2302 deponere
693 2220 856 2281 debebunt
881 2234 1037 2301 quantum
1055 2221 1186 2302 dampni
1205 2221 1264 2302 ipsi
1289 2221 1440 2301 magister

176 2326 295 2389 Paulus
325 2340 356 2389 et
397 2328 451 2389 alii
483 2325 593 2389 lratres
624 2328 671 2387 sui
705 2327 735 2388 in
772 2327 988 2408 occupacione
1022 2327 1120 2408 ipsius
1151 2324 1241 2388 fundi
1275 2327 1377 2388 civilis
1408 2341 1439 2387 et

174 2432 281 2514 (h)orti
304 2453 361 2515 per
385 2434 471 2517 ipsos
496 2434 616 2494 Lucam
641 2447 671 2493 et
689 2432 889 2514 Stephanum
914 2447 1038 2493 sutores
1061 2447 1135 2493 sunt
1159 2432 1252 2514 passi,
1278 2432 1358 2494 illud
1377 2433 1437 2515 ipsi

174 2540 277 2601 Lucas
301 2554 330 2600 et
356 2539 537 2621 Stephanus
554 2555 677 2601 sutores
702 2539 823 2601 eisdem
843 2540 995 2620 magistro
1014 2539 1114 2600 Paulo
1139 2553 1169 2600 et
1193 2539 1265 2601 aliis
1289 2538 1437 2601 fratribus

172 2647 237 2707 suis
262 2646 388 2707 solvere
415 2649 611 2708 tenebuntur
643 2661 675 2707 et
706 2661 799 2707 erunt
830 2647 982 2727 obligati;
1016 2647 1133 2727 quibus
1157 2648 1309 2727 magistro
1335 2648 1435 2709 Paulo

173 2765 204 2813 et
227 2749 377 2814 fratribus
400 2753 466 2813 suis
489 2752 575 2813 diem
604 2751 824 2832 juramentalis
855 2751 1073 2833 deposicionis
1104 2752 1297 2834 supradicte,
1322 2751 1435 2814 feriam

172 2872 290 2918 sextam
325 2859 504 2940 proximam
535 2871 607 2939 post
646 2857 761 2919 festum
796 2857 1026 2920 Conversionis
1056 2859 1139 2919 beati
1173 2858 1263 2919 Pauli
1297 2859 1435 2940 apostoli

171 2964 317 3047 proxime
342 2979 512 3025 venturum
536 2964 653 3045 (deest).
