3488 5272
596 338 682 394 Anna
705 348 794 411 1472.
814 367 858 377 —
881 348 928 408 17.
952 336 1065 408 aprilis.

307 560 456 632 Sabbata
483 558 636 646 proxima
665 562 742 642 post
769 553 893 623 leston
922 553 1014 623 beati
1046 553 1171 624 blathie
1200 555 1357 643 apostoli.

699 708 764 779 (29.
780 705 960 778 februarii).

309 836 377 896 Nos
408 831 551 893 seniores
581 827 702 907 judices
732 826 963 888 confirmamus
989 826 1145 905 judicium
1179 829 1357 907 juratorum
1391 832 1473 893 inter

198 961 337 1008 uxorem
361 938 449 1002 Galli
473 935 601 1012 sutoris,
624 935 760 996 senioris
782 933 887 1011 iurati,
910 948 941 994 et
966 933 1050 994 Petri
1076 935 1188 996 Koncz
1205 938 1335 998 racione
1360 941 1471 999 verbe·

200 1048 344 1114 racionis
368 1044 478 1106 uxoris
508 1040 652 1103 eiusdem
686 1040 784 1118 Galli,
815 1039 904 1120 quod
930 1039 989 1120 ipsi
1014 1038 1107 1115 jurati
1141 1040 1220 1119 iuste
1247 1041 1473 1119 adjudicarunt

200 1161 288 1221 inter
312 1153 457 1216 eosdem.

309 1261 386 1323 ltem
412 1277 472 1319 nos
494 1256 638 1317 seniores
661 1252 782 1331 judices
806 1253 837 1312 in
855 1251 940 1314 lacto
964 1254 1195 1315 medicationis
1213 1253 1325 1316 lamuli
1343 1256 1469 1319 domini

201 1369 338 1450 Georgii
363 1362 580 1428 archidiaconi
606 1361 773 1435 h'rbovvcz,
797 1379 853 1441 per
877 1359 1002 1441 vavan
1034 1362 1219 1422 barberium
1245 1361 1337 1439 lacte,
1361 1365 1467 1427 taliter

203 1479 409 1549 invenerunt,
433 1469 520 1551 quod
547 1469 613 1550 ipse
638 1466 762 1548 vaan
788 1464 891 1541 jurare
923 1467 1083 1527 tenebitur
1108 1466 1185 1528 seria
1210 1484 1296 1530 sexta
1322 1473 1468 1552 proxima

203 1596 276 1667 post
300 1595 431 1642 octavas
455 1574 574 1637 Pasche
599 1571 741 1649 Domini,
766 1571 853 1652 quod
879 1572 977 1632 nichil
1003 1573 1053 1633 vel
1078 1574 1243 1635 modicum
1269 1578 1388 1658 recepit
1413 1598 1470 1660 pro

202 1687 363 1752 medicina
389 1683 477 1745 illius
501 1680 613 1742 famuli
638 1678 761 1740 domini
792 1676 925 1758 Georgii
950 1693 980 1738 et
997 1699 1056 1761 pro
1081 1696 1203 1760 quanto
1227 1683 1379 1743 convenit
1396 1703 1469 1744 cum

202 1794 319 1857 eodem
344 1809 404 1874 pro
428 1787 599 1865 medicina,
625 1785 708 1847 livan
741 1799 829 1846 sutor
853 1786 996 1846 concivis
1028 1801 1135 1848 noster
1159 1788 1284 1849 solvere
1309 1792 1470 1853 tenebitur

202 1902 280 1964 dum
305 1896 424 1978 jurabit
448 1895 516 1976 ipse
540 1891 677 1975 Gyvvan.

247 2083 342 2158 Feria
370 2088 468 2154 sexta
497 2082 650 2169 proxima
680 2086 758 2149 ante
786 2077 909 2148 festum
937 2076 1027 2148 beati
1055 2077 1187 2150 hiberti
1217 2081 1362 2172 episcopi
1392 2094 1423 2154 et

746 2201 911 2273 martiris.

728 2356 791 2430 (17.
815 2354 946 2429 aprilis).

308 2484 387 2546 ltem
423 2480 497 2562 quia
531 2477 721 2539 Valentinus
754 2477 934 2558 Pongracz,
966 2479 1073 2540 senior
1105 2478 1226 2557 juratus
1259 2496 1289 2542 et
1325 2485 1469 2545 concivis

203 2606 321 2669 noster,
345 2589 559 2671 juramentum
585 2585 644 2645 sibi
670 2583 888 2663 adjudicatum
929 2586 1094 2648 terciomet
1127 2602 1237 2649 contra
1265 2588 1467 2653 Demetrium

204 2697 364 2781 Swychlty
388 2692 534 2755 similiter
558 2690 723 2751 concivem
750 2705 904 2761 nostrum,
935 2690 1012 2753 feria
1037 2709 1121 2755 sexta
1146 2697 1293 2778 proxime
1319 2702 1466 2779 preterita

203 2804 338 2888 prestitit
363 2815 397 2862 ut
422 2798 542 2861 debuit.

307 2909 385 2971 Item
411 2904 485 2986 quia
509 2923 588 2964 uxor
612 2904 770 2965 Francisci
800 2905 989 2985 carpentarii
1016 2905 1229 2979 juramentum
1256 2909 1315 2969 sibi
1341 2910 1466 2979 adiudi-

202 3030 306 3078 catum
328 3026 438 3076 contra
450 3010 626 3090 Georgium
637 3023 788 3086 sutorem,
798 3010 944 3071 similiter
954 3012 1069 3073 eodem
1081 3013 1131 3072 dic
1143 3015 1279 3095 prestitit
1294 3028 1329 3075 ut
1343 3015 1466 3077 debuit.

309 3121 386 3181 ltem
423 3119 638 3198 juramentum
672 3115 796 3199 vavan
830 3118 996 3178 barberius
1035 3134 1144 3179 contra
1184 3119 1268 3181 lvvan
1310 3137 1466 3199 sutorem,

204 3225 420 3307 juramentum
445 3223 579 3305 prestitit
597 3222 656 3283 sibi
674 3222 891 3302 adjudicatum
910 3243 965 3303 per
984 3223 1113 3300 juratos,
1138 3227 1273 3306 prestitit
1291 3242 1324 3287 ut
1342 3228 1464 3291 debuit.

309 3332 387 3393 ltem
412 3330 488 3411 quia
514 3329 694 3410 Stephanus
712 3329 829 3391 bertun
852 3331 993 3391 concivis
1018 3347 1124 3392 noster
1142 3334 1171 3392 iu
1191 3334 1362 3395 nrttttit'estn
1380 3335 1466 3397 luctu

204 3440 339 3503 duarum
364 3437 485 3499 curium
511 3436 678 3496 ovinarum
698 3436 859 3497 Valentini
877 3438 1003 3514 sutoris,
1029 3438 1174 3498 moderni
1202 3440 1305 3515 iurati,
1324 3460 1467 3521 repertus

204 3562 234 3608 et
258 3547 408 3608 inventus
431 3556 477 3605 est
502 3542 680 3621 manifeste,
712 3543 768 3623 qui
801 3543 874 3604 licet
899 3565 956 3625 pru
989 3545 1173 3605 huiusmodi
1199 3568 1257 3607 suu
1283 3556 1368 3609 ltutu
1400 3572 1465 3611 sus-

204 3653 300 3736 pendi
319 3651 492 3725 debuisset,
509 3662 615 3711 tamen
634 3650 708 3731 quia
726 3669 784 3731 pro
797 3650 912 3710 eodem
938 3651 1101 3732 Steplutnu
1121 3652 1260 3714 llerthuu
1287 3676 1342 3735 per
1361 3656 1468 3735 plures

204 3760 322 3843 probos
346 3757 431 3818 viros
455 3756 550 3817 nobis
583 3756 612 3816 in
646 3756 760 3816 eodem
793 3755 1007 3837 supplicatum
1032 3774 1087 3834 est,
1114 3774 1144 3819 ut
1178 3761 1237 3819 sibi
1263 3762 1402 3837 praciam
1437 3778 1465 3821 et

204 3862 457 3929 misericordiam
484 3862 587 3924 lacere
604 3862 806 3940 deberemus,
828 3863 967 3944 ideoque
993 3884 1051 3924 trus
1068 3879 1131 3926 tota
1150 3868 1365 3927 communitas
1382 3869 1465 3929 dit-tc

202 3972 339 4037 civitatis
369 3971 475 4034 eidem
500 3970 605 4031 taliter
635 3969 775 4049 graciam
809 3984 840 4030 et
871 3970 1122 4032 misericordiam
1157 3972 1301 4043 lucinius,
1326 3976 1414 4055 cptind
1440 3978 1464 4034 si

204 4077 422 4164 peramplius
446 4091 475 4137 et
508 4075 548 4138 de
581 4090 686 4137 cetero
720 4075 785 4156 ipse
819 4075 1000 4157 Stephanus
1033 4078 1063 4137 iu
1097 4077 1280 4140 huiusmodi
1306 4077 1390 4141 liuta
1418 4082 1466 4142 vel

204 4184 275 4247 eliis
297 4182 459 4245 similibus
483 4183 671 4244 criminibus
695 4197 724 4244 et
749 4181 874 4242 delictis
899 4199 1042 4263 repertus
1065 4199 1093 4244 et
1114 4185 1260 4244 lineatus
1284 4184 1389 4255 luerit,
1415 4208 1464 4247 es-

203 4305 280 4354 tune
302 4304 333 4353 et
357 4290 547 4373 premissum
574 4288 764 4351 modernum
791 4287 942 4348 delictum
969 4290 1053 4369 parci
1080 4310 1143 4348 uun
1169 4292 1275 4367 debet,
1300 4292 1354 4353 secl
1381 4293 1465 4365 jutta

204 4411 352 4460 contenta
378 4396 537 4479 privilegii
563 4395 645 4456 dicte
671 4395 807 4457 civitatis
836 4395 940 4476 puniri
966 4394 1105 4455 debebit.

310 4502 387 4565 ltem
412 4503 488 4585 quia
521 4501 676 4563 discretus
708 4502 755 4562 vir
786 4501 937 4562 dominus
970 4500 1085 4561 Gallus
1117 4504 1346 4581 prebendarius
1378 4506 1465 4567 cburr

204 4610 338 4675 ecclesie
360 4609 578 4689 zsgrabiensis
594 4606 785 4670 secundario
802 4607 1017 4689 proclamatus
1038 4622 1067 4667 et
1094 4624 1225 4669 vocatus
1248 4610 1287 4669 nd
1311 4610 1466 4687 judicium

204 4730 313 4781 contra
347 4715 491 4779 Marcum
524 4712 748 4799 Gyvrakuych
781 4713 910 4774 racione
942 4710 1016 4774 furti
1049 4714 1215 4776 cuiusdam
1248 4716 1377 4779 caniisie
1402 4736 1467 4781 non

205 4824 292 4889 venit
314 4840 422 4907 neque
444 4822 541 4886 misit.
1382 4910 1403 4975 6

1360 4930 1379 4977 a
