3488 5272
238 347 301 413 370
643 331 729 386 Anno
751 338 843 405 1470.
872 360 913 371 -
936 336 988 404 ²7³
1002 328 1087 403 julii.

343 539 423 603 [tem
448 559 542 601 causa
567 539 648 601 inter
673 537 868 620 Gregorium
895 551 1037 600 sutorem
1062 553 1092 600 et
1117 538 1199 599 inter
1223 534 1355 599 fratrem
1372 538 1511 601 Martini

238 647 367 731 Banych
392 660 439 708 est
463 660 632 729 prorogata
657 665 758 726 usque
783 646 923 728 primum
951 644 1107 725 iudicium
1142 644 1168 706 si
1191 656 1344 726 poterunt
1368 662 1510 707 concor·

236 753 323 831 dare,
348 752 493 834 alioquin
518 764 734 833 compareant.

290 986 1454 1079 fflmmwmmnmmmmmfflmwmm

782 1144 847 1219 (20.
863 1138 959 1218 julia).

345 1283 421 1345 item
449 1282 524 1364 quia
549 1281 704 1361 Andreas,
730 1281 859 1365 Endrey
875 1282 989 1362 dictus,
1013 1300 1153 1345 unacum
1177 1281 1321 1363 quodam
1346 1280 1505 1345 familiare

239 1391 412 1472 Augustini
427 1390 560 1472 Spanar,
574 1389 643 1451 cive
661 1388 1012 1469 Quinqueecclesiensi‚
1030 1389 1161 1450 nomine
1175 1400 1206 1451 et
1219 1389 1252 1450 in
1265 1408 1402 1471 persona
1418 1388 1504 1451 eius·

239 1497 313 1559 dem
346 1496 516 1578 Augustini
551 1495 674 1577 Spanar
705 1495 832 1556 racione
864 1494 1080 1576 quorumdam
1114 1494 1278 1575 octoginta
1310 1492 1380 1558 flor.
1419 1494 1504 1573 auri,

239 1622 322 1685 quos
347 1606 414 1684 ipse
439 1602 569 1683 Endrey
593 1620 731 1663 unacum
757 1600 872 1663 eodem
905 1620 964 1662 suo
989 1600 1141 1662 consocio
1173 1600 1259 1682 juxta
1283 1600 1393 1664 literas
1414 1600 1503 1683 regie

240 1709 415 1770 Maiestatis
439 1708 567 1768 racione
596 1707 761 1788 vectigalis
782 1707 887 1769 eidem
907 1707 1030 1789 Spanar
1053 1707 1203 1770 dicebant
1227 1724 1294 1769 esse
1324 1706 1505 1789 obligatum

242 1834 299 1898 per
333 1815 506 1897 providum
538 1813 641 1875 virum
667 1813 809 1875 Blasium
842 1812 982 1894 judicem
1011 1814 1195 1897 Stenychky
1226 1814 1361 1894 dictum,
1385 1814 1504 1897 quibus

239 1922 395 1983 ambabus
419 1921 562 2003 partibus
593 1920 632 1980 de
657 1919 821 1981 voluntate
856 1919 1041 1982 earumdem
1074 1922 1242 1983 ambarum
1275 1921 1419 2003 parcium
1455 1939 1506 1982 ra·

240 2029 332 2090 cione
358 2028 499 2110 ipsorum
525 2027 689 2107 octoginta
714 2028 783 2090 flor.
808 2027 874 2086 auri
901 2040 932 2088 et
956 2029 1125 2108 probatum
1156 2046 1264 2089 coram
1288 2028 1383 2089 nobis
1399 2026 1504 2090 fienda

240 2147 352 2215 quarta
387 2133 463 2194 seria
494 2146 580 2193 sexta
628 2146 699 2214 post
731 2130 845 2193 festum
879 2132 1105 2195 Penthecostcs
1136 2134 1280 2216 proxime
1318 2133 1506 2216 preteritum

241 2259 348 2300 coram
374 2239 468 2299 nobis
492 2238 699 2319 comparendi
725 2252 933 2318 prorogatum
959 2237 1019 2300 fuit
1043 2238 1135 2318 iacta,
1160 2259 1225 2321 quo
1250 2240 1388 2302 termino
1405 2239 1507 2321 ipsius

183 2354 187 2363 '
242 2360 352 2425 quarte
370 2344 447 2406 ferie
466 2359 551 2405 sexte
568 2343 771 2421 adveniente,
788 2343 930 2426 prefatus
948 2345 1072 2406 Blasius
1089 2345 1184 2426 judex
1202 2345 1383 2427 comparuit
1396 2364 1503 2407 coram

242 2451 346 2531 nobis,
370 2451 437 2532 ipse
463 2470 538 2509 vero
564 2449 703 2531 Endrey,
729 2449 827 2511 homo
845 2450 944 2531 ipsius
968 2452 1139 2531 Augustini
1160 2452 1282 2533 Spanar
1306 2469 1364 2514 nec
1388 2451 1507 2532 aliquis

243 2557 323 2618 alter
347 2557 490 2617 eiusdem
525 2556 656 2616 nomine
689 2556 862 2616 terminum
887 2556 926 2616 ad
959 2557 1097 2617 eundern
1131 2558 1206 2639 ipsis
1230 2558 1373 2639 partibus
1396 2576 1505 2618 coram

242 2664 335 2725 nobis
359 2662 566 2744 comparendi
593 2661 760 2743 prefixum,
785 2682 848 2722 non
883 2663 970 2723 venit
995 2682 1099 2743 neque
1125 2663 1221 2741 misit,
1245 2664 1300 2725 sed
1325 2683 1357 2724 sc
1382 2682 1400 2723 a
1425 2660 1507 2724 lucie

243 2769 320 2850 juris
344 2783 375 2830 et
397 2768 520 2849 justicie
544 2769 731 2830 absentavit.

351 2876 428 2937 irem
461 2896 520 2936 nos
551 2889 616 2936 tota
649 2875 863 2936 communitas
895 2876 1030 2937 civitatis
1063 2876 1344 2957 Montisgrecensis
1372 2873 1507 2937 lecimus

241 2982 380 3063 graciam
407 2980 550 3062 Georgio
574 2981 672 3042 sutori
697 3001 816 3062 genero
835 2982 971 3042 condam
998 2982 1125 3063 Mycuie
1151 2982 1207 3042 filii
1238 2981 1379 3043 Mathese
1404 2982 1506 3043 tribu·

245 3088 313 3150 tarii
340 3087 379 3147 de
404 3088 462 3148 sub
488 3086 708 3165 Zomzedu'ar,
733 3102 767 3147 ut
791 3086 858 3168 ipse
883 3088 942 3147 crit
963 3087 1044 3148 liber
1068 3089 1108 3149 ab
1125 3088 1276 3148 omnibus
1300 3088 1380 3148 taxis
1397 3101 1505 3150 nostre

243 3194 494 3271 communitatis,
512 3213 570 3254 nec
595 3212 658 3253 non
677 3193 828 3271 serviciis,
845 3193 946 3271 clacis,
970 3194 1123 3255 custodiis
1136 3194 1253 3256 nostris
1277 3196 1507 3257 communibus

243 3319 299 3381 per
323 3298 404 3359 duos
429 3318 543 3376 annos,
559 3317 728 3379 quousque
747 3299 812 3380 ipsc
836 3297 978 3381 Gyvvrko
996 3299 1027 3360 in
1053 3299 1125 3361 loco
1144 3300 1259 3360 domus
1276 3320 1331 3360 seu
1356 3300 1507 3362 sessionis

244 3424 299 3486 per
331 3405 496 3466 dominam
529 3405 725 3466 Dorotheum
758 3406 900 3466 relictam
934 3406 1070 3466 condam
1110 3406 1294 3488 Hennyngh
1328 3407 1359 3467 in
1393 3406 1506 3469 eadem

245 3512 372 3572 civitate
396 3512 455 3571 sibi
481 3511 598 3571 donata
624 3511 777 3572 locaverit
801 3526 831 3572 et
848 3513 1074 3593 preparaverit,
1100 3513 1239 3594 demptis
1264 3513 1362 3573 daciis
1379 3513 1505 3575 domini

244 3617 351 3698 (regis)
376 3631 406 3679 et
430 3617 501 3677 aliis
523 3617 674 3678 serviciis.

509 3850 1242 3944 mmmmmmwwmwm.

784 4008 845 4084 (27.
862 4010 960 4083 lidii).

351 4144 428 4206 item
447 4146 520 4227 quia
539 4144 648 4207 relicta
665 4145 802 4207 condam
818 4146 970 4229 Stephani
989 4150 1104 4209 sutoris
1122 4150 1221 4229 longi,
1239 4150 1380 4212 concivis
1397 4152 1508 4229 nostri,

245 4264 355 4311 contra
381 4252 515 4312 Suskam
542 4253 747 4313 candelarum
773 4253 960 4333 paratricem
988 4255 1091 4334 primo
1109 4256 1202 4317 citata
1228 4277 1291 4317 non
1318 4258 1508 4339 comparuit,

245 4356 296 4418 cui
323 4356 414 4417 datus
439 4370 485 4418 eat
515 4359 671 4420 terminus
701 4360 908 4439 comparendi
942 4359 1046 4420 adhuc
1078 4361 1143 4421 duo
1180 4361 1296 4440 judicia
1322 4377 1353 4422 et
1377 4382 1508 4445 respon·

245 4461 342 4522 dendi
368 4477 477 4523 contra
504 4463 639 4525 eandem
673 4464 760 4545 quod
791 4465 970 4526 verberavit
1001 4467 1150 4528 ancillam
1184 4468 1340 4546 eiusdem,
1366 4488 1428 4549 que
1461 4488 1508 4530 re·

245 4568 331 4648 cepit
353 4588 387 4630 se
411 4569 451 4629 ad
476 4569 524 4651 jus
549 4570 693 4632 civitatis.

354 4673 431 4737 ltem
456 4676 532 4757 quia
557 4676 676 4739 Paulus
704 4676 844 4759 agricola
870 4676 1005 4759 liazugh
1038 4678 1152 4758 dictus,
1188 4694 1298 4741 contra
1323 4696 1507 4743 consortem

249 4778 417 4841 Laurencii
444 4782 581 4843 barberii
606 4782 655 4844 bis
671 4782 785 4845 citatus
809 4802 872 4845 non
891 4785 1071 4867 comparuit
1094 4806 1202 4849 coram
1217 4786 1312 4848 nobis
1328 4788 1360 4849 in
1379 4787 1509 4865 judicio.
