3488 5272
665 274 751 331 Anno
774 267 865 349 1478.
885 304 929 316 -
952 268 983 333 8.
1007 274 1087 335 maii.
1441 291 1501 353 471

247 488 305 549 rati
330 487 605 567 adjudicaverunt,
630 483 718 565 quod
744 483 810 565 ipsa
835 482 929 545 debet
955 482 1057 559 jurare
1075 482 1152 544 feria
1175 498 1261 545 sexta
1278 483 1507 565 proximapost

247 608 376 656 octavas
401 590 661 653 ltesurreccionis
687 590 817 651 Domini
842 609 938 672 super
966 609 1052 649 arum
1076 604 1183 651 sancte
1207 590 1321 651 Crucis
1345 590 1507 651 terciamet

246 701 333 783 quod
359 699 494 761 nescivit
518 698 653 759 omnino
678 712 751 758 suot
770 716 819 756 res
842 695 977 771 furtive,
1002 696 1132 778 insuper
1150 696 1215 776 ipse
1241 695 1336 757 Waie
1360 696 1507 757 similiter

246 808 298 869 die
322 820 490 889 prenotato
507 805 602 870 debet
631 803 732 881 jurare
759 803 847 884 quod
873 802 1003 863 luerunt
1020 804 1104 863 bona
1121 821 1177 863 sua
1196 803 1323 884 propria
1349 815 1379 863 et
1396 802 1505 863 vendi·

245 927 307 975 tata
333 932 390 994 pro
416 911 454 972 lll
487 909 555 973 flor.
589 910 696 971 minus
728 929 793 970 uno
824 924 889 984 ort,
923 924 1038 970 extunc
1071 910 1136 989 ipse
1162 909 1240 969 Vale
1264 908 1359 969 habet
1383 909 1505 968 solvere

245 1017 385 1102 prelatos
411 1017 447 1078 lll
473 1016 542 1078 flor.
567 1017 675 1077 minus
699 1030 759 1091 ort,
784 1031 814 1076 et
831 1016 915 1075 bona
940 1035 996 1075 sua
1014 1015 1158 1076 restituat
1182 1014 1321 1096 prelatus
1345 1014 1507 1076 lohannes

245 1124 340 1203 judex
365 1125 396 1185 in
422 1142 559 1205 persona
583 1122 692 1182 matris
716 1141 792 1195 sue;
816 1121 855 1181 ad
881 1121 1023 1182 seniores
1047 1120 1169 1202 judices
1193 1121 1377 1202 appellavit.

350 1230 426 1291 Item
453 1248 545 1289 eausa
573 1228 654 1289 inter
679 1227 841 1288 Andream
876 1226 1003 1287 fratrem
1040 1226 1177 1288 condam
1202 1226 1356 1287 iohannis
1387 1227 1505 1307 presbi-

243 1336 301 1396 teri
333 1350 364 1396 et
396 1334 538 1411 Gallum,
576 1333 801 1409 Valentinum,
838 1333 995 1393 Briccium
1029 1332 1148 1411 juratos
1179 1333 1307 1393 racione
1338 1332 1503 1393 cuiusdam

242 1461 342 1504 avene
366 1461 464 1523 quarn
489 1437 598 1522 prefati
632 1438 723 1518 jurati
750 1442 789 1499 ab
821 1440 890 1521 ipso
920 1439 1047 1499 Andrea
1091 1454 1288 1520 receperunt,
1321 1439 1387 1520 ipse
1420 1440 1504 1500 testi-

245 1549 391 1611 monium
431 1547 592 1629 produxit,
623 1546 709 1627 quod
744 1547 774 1607 in
807 1546 893 1606 curia
926 1546 1011 1606 Jarin
1037 1561 1125 1626 pater
1157 1546 1255 1627 ipsius
1278 1545 1406 1607 Andree
1432 1547 1505 1607 lecit

242 1674 301 1736 pro
325 1655 392 1736 ipsa
415 1672 516 1715 avena
535 1653 710 1734 plenariam
728 1653 1002 1727 convencionem;
1029 1654 1159 1734 insuper
1182 1652 1241 1713 sibi
1259 1652 1387 1713 Andree
1412 1652 1504 1729 jurati

242 1761 518 1837 adjudicaverunt,
542 1758 629 1840 quod
657 1759 723 1840 ipse
742 1759 886 1819 Andreas
904 1759 998 1820 habet
1022 1759 1125 1838 jurare
1143 1758 1174 1818 in
1199 1778 1251 1819 ara
1268 1773 1374 1820 sancte
1392 1758 1505 1820 Crucis

242 1882 313 1949 post
336 1881 481 1928 octavam
519 1865 778 1925 Resurreccionis
811 1864 953 1940 Domini,
989 1866 1076 1945 quod
1108 1862 1224 1926 lecerat
1256 1865 1341 1945 prius
1366 1884 1503 1926 conven-

241 1974 367 2035 cionem
392 1992 450 2054 pro
477 1973 544 2053 ipsa
569 1990 669 2032 avena
700 1990 796 2050 quam
829 1970 982 2048 conduxit
1007 1970 1068 2049 hic,
1091 1985 1122 2031 et
1154 1972 1213 2052 ipsi
1239 1970 1363 2048 Gallus,
1388 1971 1502 2032 Valen-

241 2079 327 2141 tinus
351 2092 381 2141 et
400 2078 540 2139 Briccius
557 2077 649 2165 jurati
670 2077 789 2138 debent
805 2077 929 2137 solvere
947 2077 1123 2138 secundum
1141 2077 1385 2139 extimacionem
1403 2098 1503 2139 avene

241 2186 316 2247 anni
343 2186 447 2260 illius;
471 2198 586 2245 extunc
611 2182 752 2265 prelatus
777 2182 890 2244 Gallus
922 2185 953 2244 in
979 2203 1034 2243 sua
1067 2203 1201 2264 persona
1226 2184 1265 2243 ad
1290 2185 1432 2245 seniores
1455 2184 1502 2263 ju·

241 2292 328 2354 dices
352 2291 536 2373 appellavit.

349 2398 425 2458 ltem
451 2398 482 2457 in
507 2416 601 2457 causa
626 2396 707 2457 inter
725 2395 903 2456 iohannem
930 2396 1080 2457 Soldinar
1104 2410 1135 2456 et
1151 2394 1314 2456 Thomam
1339 2395 1377 2455 de
1397 2395 1502 2456 Krisio

242 2504 304 2567 luit
336 2504 555 2584 adjudicatum
587 2503 801 2582 juramentum
834 2503 939 2564 eidem
972 2502 1108 2564 iohanni
1143 2502 1293 2563 Soldinar
1336 2522 1431 2584 super
1462 2522 1502 2563 eo

242 2611 330 2693 quod
355 2611 421 2693 ipse
447 2608 593 2671 Thomas
628 2610 667 2670 ad
705 2610 876 2671 terminum
909 2609 969 2669 sibi
1002 2608 1156 2690 prefixum
1189 2628 1252 2670 non
1286 2610 1372 2669 venit
1396 2629 1501 2689 neque

241 2718 328 2779 misit
352 2717 392 2776 ad
425 2716 580 2795 judicium
613 2731 644 2777 et
675 2716 831 2795 justiciam
863 2716 922 2775 sibi
959 2715 1233 2794 aministrandam,
1265 2714 1324 2776 fuit
1348 2716 1505 2777 terminus

241 2823 458 2905 deposicionis
483 2822 652 2902 juramenti
679 2820 756 2882 feria
780 2837 865 2882 sexta
891 2836 961 2902 post
985 2836 1113 2882 octavas
1138 2822 1243 2884 l'asce.

347 2928 424 2989 ltem
451 2928 576 2989 Blasius
599 2941 700 2988 sartor
723 2925 797 2989 lecit
828 2928 916 2987 citari
943 2927 1061 2987 Lucam
1092 2927 1240 2989 llibaricz
1265 2941 1295 2989 et
1319 2943 1499 2989 consortem

239 3054 341 3112 suam,
366 3035 425 3116 ipsi
450 3054 515 3095 non
540 3048 798 3114 comparuerunt.

347 3142 424 3202 ltem
451 3141 558 3202 relicta
583 3141 721 3201 condam
741 3140 851 3224 Radey
873 3140 1049 3200 secundum
1073 3140 1359 3219 adjudicacionem,
1384 3144 1500 3222 (deest).

470 3378 615 3448 Sabbato
644 3380 797 3465 proximo
827 3388 905 3449 ante
934 3380 1136 3449 dominicam
1166 3376 1268 3449 (lculi.

742 3536 803 3605 (21.
820 3532 995 3606 februum).

346 3671 422 3733 ltem
449 3691 576 3732 causam
603 3672 683 3731 inter
708 3672 785 3733 Vale
810 3673 849 3733 de
879 3674 1014 3755 Tresigh
1041 3690 1069 3734 et
1095 3675 1273 3736 iohannem
1300 3677 1498 3738 Soldinaricz

239 3777 288 3842 vel
303 3792 436 3839 matrem
460 3798 550 3838 suam
568 3779 694 3838 racione
713 3780 924 3859 quarumdam
943 3802 1047 3842 rerum
1069 3783 1215 3863 superins
1232 3785 1497 3861 conscripturum,

238 3899 333 3966 prout
358 3885 449 3961 jurati
476 3885 751 3964 adjudicaverunt,
785 3906 891 3948 coram
918 3890 1010 3949 nobis
1042 3890 1221 3950 senioribus
1246 3890 1403 3969 judicibus
1428 3909 1497 3970 pre-

238 3991 322 4053 dicta
347 4012 441 4053 causa
467 4007 496 4052 et
520 3992 699 4072 juramenta
724 3994 942 4075 deposuerunt
966 4010 996 4056 et
1020 3998 1303 4058 concordaverunt.

381 4228 476 4300 Feria
506 4246 603 4301 sexta
632 4235 785 4321 proxima
816 4246 893 4304 onte
923 4233 1043 4304 festum
1072 4234 1216 4319 Spiritus
1245 4234 1364 4305 sancti.

780 4386 827 4457 (8.
852 4386 952 4455 rrnrr'r').

345 4524 421 4586 ltem
447 4545 540 4585 causa
573 4527 653 4587 inter
685 4527 864 4588 iohannem
892 4528 1041 4587 Soldinur
1072 4542 1100 4585 ct
1134 4528 1307 4607 quemdum
1334 4528 1496 4590 'llrumum

237 4630 278 4691 de
302 4629 421 4708 Crisio,
447 4630 587 4713 prefatus
605 4634 766 4695 lohannes
789 4636 937 4695 Soltlinar
955 4635 1092 4693 termino
1117 4635 1175 4695 sibi
1194 4636 1385 4697 acirenieme
1411 4637 1496 4696 vitle-

238 4735 313 4801 licet
337 4735 415 4800 leria
440 4753 525 4799 sexto
550 4754 622 4823 post
645 4756 772 4802 octavas
792 4742 899 4819 l'usce,
920 4739 982 4821 jam
1007 4742 1205 4824 preteritum,
1230 4744 1364 4825 prestitit
1389 4758 1419 4804 et
1443 4744 1496 4805 dc·
