3488 5272
635 348 722 406 Anno
746 361 834 426 1452.
859 383 902 392 -
926 362 973 410 21.
998 348 1116 423 aprilis.
1466 368 1504 431 33

562 559 639 621 Item
666 559 783 621 Paulus
807 573 908 622 sartor
932 560 1073 621 Philech.

555 665 632 727 Itetn
659 665 818 746 Georgius
841 680 941 727 sartor
966 666 1180 749 JeIowchych.

558 772 634 832 Item
662 772 818 832 Martinus
841 787 942 833 sartor
967 772 1108 833 sororius
1131 772 1254 834 domiui
1280 772 1424 836 Fabiani.

559 878 637 939 Item
662 877 855 939 Benedictus
879 878 1013 940 Institor.

557 984 633 1045 Item
659 983 812 1046 Clemens
835 983 977 1066 pellifex.

557 1089 635 1151 Item
661 1090 818 1151 Martinus
842 1109 963 1172 sporar.

558 1196 635 1259 Item
662 1195 780 1256 Paulus
802 1215 922 1278 sporar.

557 1302 634 1363 Item
660 1302 802 1363 Briccius
825 1300 973 1384 Irenipar.

558 1409 636 1471 Item
662 1407 838 1489 Gregorius
861 1408 1003 1470 sororius
1031 1409 1139 1471 relicte
1165 1410 1292 1471 Farltas.

558 1515 635 1575 Item
661 1514 817 1575 Martinus
846 1514 1082 1597 Barberychyn.

555 1621 631 1681 Item
658 1619 811 1681 Clemens
836 1620 1072 1703 Barberychyn.

558 1726 636 1798 Item
662 1725 830 1808 Philippus
852 1740 950 1789 sutor.

557 1833 636 1895 Item
660 1831 814 1893 Nicolaus
837 1846 936 1894 sutor.

556 1939 634 2000 Item
659 1938 843 2000 Anthonius
866 1953 965 2001 sutor.

346 2154 423 2215 Item
449 2151 590 2236 prefatus
622 2153 760 2214 Iacobus
792 2151 886 2232 judex
915 2171 987 2213 cum
1021 2151 1172 2234 predictis
1203 2151 1313 2233 juratis
1336 2167 1368 2216 et
1400 2154 1503 2215 consi-

240 2260 339 2321 liariis
362 2259 527 2321 modernis
551 2279 588 2319 ex
607 2258 752 2319 unanImi
777 2271 809 2319 et
832 2256 982 2319 concordi
1006 2277 1042 2318 ac
1060 2258 1126 2339 pari
1145 2258 1321 2335 voluntate,
1346 2279 1504 2322 consensu

239 2381 270 2427 et
294 2366 422 2427 decreto
447 2366 550 2427 tocius
574 2364 815 2426 communitatis
837 2365 947 2425 omnia
964 2377 1079 2426 statuta
1105 2380 1134 2424 et
1159 2366 1283 2426 decreta
1308 2380 1373 2427 tam
1399 2367 1430 2427 In
1448 2386 1502 2427 an·

241 2473 339 2554 tiquis
362 2491 459 2554 quam
486 2472 518 2533 in
542 2472 680 2554 presenti
706 2471 846 2532 katernis
877 2470 1055 2552 conscripta
1081 2485 1112 2531 et
1144 2486 1293 2532 contenta
1317 2490 1353 2533 ac
1378 2473 1502 2554 consig-

239 2592 312 2639 nata
336 2576 445 2659 quoad
470 2597 583 2638 omnes
607 2577 775 2654 clausulas,
800 2590 916 2658 puncta
949 2590 980 2638 et
1008 2576 1159 2638 articulos
1183 2597 1294 2638 eorum
1319 2597 1376 2660 per
1399 2592 1501 2640 totum

239 2703 360 2745 annum
385 2683 520 2745 valitura
545 2696 576 2745 et
600 2681 800 2744 observanda
825 2681 1056 2743 confirmarunt
1078 2697 1224 2765 tempore
1249 2684 1404 2765 presentis
1421 2683 1502 2764 judi-

239 2804 326 2852 catus
349 2810 385 2852 ac
410 2789 561 2872 deInceps
586 2790 617 2850 in
642 2803 844 2872 perpetuum.

372 3025 467 3099 Ferit
496 3037 593 3098 sexta
623 3029 777 3116 proxima
807 3034 881 3116 post
906 3036 1061 3098 octavam
1091 3027 1194 3100 Pasce
1221 3028 1361 3101 Domini.

760 3178 824 3258 (21.
849 3178 980 3258 aprilis).

345 3320 422 3382 Item
443 3319 544 3381 EIena
563 3319 671 3381 relicta
689 3320 826 3381 condam
850 3319 979 3402 Mathye
996 3320 1127 3382 textoris
1143 3320 1241 3381 veluti
1268 3335 1301 3382 ut
1326 3322 1357 3382 in
1375 3342 1503 3384 causam

240 3440 370 3489 attracta
394 3440 505 3488 contra
531 3424 708 3506 Georgium
733 3439 874 3487 sutorem
901 3440 935 3486 ut
959 3439 1111 3503 actorem,
1145 3425 1359 3505 juramentum
1384 3429 1444 3490 sibi
1471 3429 1502 3490 in

239 3553 277 3594 eo
301 3532 531 3609 adiudicatum,
557 3545 591 3592 ut
615 3529 756 3613 prefatus
781 3531 928 3613 Mathyas
951 3533 999 3592 vIr
1027 3533 1126 3614 lpsIus
1150 3532 1252 3595 Elone
1278 3534 1421 3595 mulieris
1445 3555 1503 3597 nec

239 3638 339 3720 ipsam
371 3657 436 3699 rem
471 3637 622 3698 videlicet
652 3637 821 3719 capucium
854 3638 904 3698 vet
937 3638 1073 3699 biretum
1107 3658 1164 3700 nec
1197 3639 1321 3720 aliquas
1345 3641 1423 3701 alias
1455 3661 1504 3703 res

240 3744 297 3823 ipsi
325 3743 467 3825 Georgio
491 3745 590 3804 sutori
616 3744 761 3805 servitori
794 3764 852 3804 suo
884 3743 1013 3824 legavit,
1037 3745 1133 3807 hodie
1164 3765 1259 3827 super
1283 3766 1369 3808 aram
1393 3763 1500 3810 sancte

240 3848 353 3911 Crucis
379 3850 409 3910 in
428 3849 561 3911 ecclesia
586 3849 669 3911 beati
695 3849 793 3910 Marci
819 3850 1025 3930 ewangeliste
1050 3870 1145 3932 super
1170 3871 1208 3912 eo
1233 3853 1368 3933 prestitit
1392 3868 1423 3915 et
1447 3854 1500 3915 de·

239 3957 345 4037 posuit
357 3956 412 4019 tali
427 3955 537 4034 modo,
552 3969 585 4018 ut
595 3955 696 4036 (dum)
711 3955 852 4038 prefatus
871 3956 1016 4038 Mathyas
1029 3957 1076 4018 vir
1089 3957 1229 4039 predicte
1244 3958 1345 4020 Elene
1360 3959 1503 4021 mulieris

239 4064 270 4123 iu
296 4062 445 4124 extremis
469 4062 531 4123 vite
556 4082 612 4123 sue
637 4062 824 4144 temporalis
849 4062 1033 4140 laborasset,
1058 4078 1133 4125 tunc
1157 4064 1224 4145 ipse
1250 4083 1307 4126 nec
1333 4066 1502 4147 capucium

238 4188 297 4230 nec
321 4169 400 4230 alias
424 4189 473 4230 res
496 4188 568 4229 suas
593 4168 652 4250 ipsi
686 4168 828 4250 Georgio
862 4169 990 4249 legavit,
1023 4189 1103 4250 quas
1135 4170 1201 4251 ipse
1226 4169 1385 4250 Georgius
1415 4186 1503 4233 sutor

237 4294 332 4357 super
356 4275 469 4336 eadem
495 4275 595 4336 EIena
621 4275 754 4336 muliere
779 4294 836 4357 per
854 4274 1087 4356 litigIonarittm
1113 4295 1298 4357 processum
1324 4290 1355 4338 et
1378 4275 1502 4357 justicia

238 4380 399 4442 mediante
434 4383 699 4462 prosequebatur,
731 4394 762 4442 et
795 4380 869 4442 ideo
900 4382 1000 4463 ipsam
1038 4381 1172 4442 Elenam
1207 4382 1374 4444 mulierem
1408 4403 1503 4465 super

237 4486 445 4568 deposicioue
471 4487 571 4568 Ipsius
595 4487 765 4567 juramenti
791 4500 822 4548 et
854 4507 949 4569 super
980 4487 1123 4570 predicta
1157 4488 1287 4549 accione
1312 4503 1343 4549 et
1367 4490 1502 4570 acquisi-

237 4592 330 4655 cione
348 4592 448 4674 ipsius
465 4591 597 4674 Georgii
616 4593 733 4655 sutoris
750 4592 949 4654 reddidimus
966 4592 1033 4654 Iore
1055 4594 1235 4676 expeditam
1255 4608 1286 4654 et
1309 4595 1501 4658 absolutam.

343 4697 422 4761 Item
455 4698 601 4761 Thomas
639 4698 781 4763 carnifex
813 4700 954 4762 concivis
984 4713 1092 4762 noster
1125 4699 1221 4761 hodie
1253 4719 1309 4782 per
1340 4699 1503 4781 adjudica·

237 4802 363 4869 tionem
387 4804 565 4887 juratorum
589 4804 804 4888 juramentum
837 4804 898 4869 sibi
925 4820 1035 4869 contra
1070 4806 1253 4868 Emericum
1278 4807 1320 4868 de
1344 4807 1503 4891 Popotsez
