3488 5272
663 369 862 449 Anno1461.
888 406 927 416 -
952 386 980 432 1.
1004 372 1164 433 decembris.

287 584 390 645 dictus
415 583 581 646 Terbuscb
609 583 743 659 institor,
770 583 848 644 olim
874 583 951 644 civis
973 597 1090 660 noster,
1107 583 1249 643 sororius
1272 583 1416 645 eiusdem
1437 585 1552 667 Elyza·

290 691 376 769 beth,
402 692 434 752 in
465 710 523 751 suo
550 690 664 751 ultimo
696 704 771 751 voto
806 690 1010 751 medietatem
1043 689 1146 750 civilis
1178 689 1225 749 sui
1259 689 1290 750 in
1316 691 1399 752 dicta
1425 691 1553 752 civitate

288 797 387 858 habiti
412 796 592 878 legavisaet,
617 814 714 876 quam
749 795 882 856 domum
909 795 975 876 ipsa
1002 794 1179 877 Elyzabeth
1207 795 1435 861 bartholomeo
1460 799 1550 861 insti-

290 905 350 965 tori
376 903 500 965 concivi
526 917 634 963 nostro
660 902 864 963 vendidisset.

397 1010 473 1070 ltem
499 1008 647 1069 tertiario
672 1021 718 1069 est
741 1008 974 1090 proclamatum
1000 1028 1095 1089 super
1119 1008 1234 1069 domos
1259 1010 1396 1071 condam
1421 1011 1553 1073 domine

293 1116 389 1177 Lucie
414 1115 453 1176 de
471 1115 542 1176 vico
561 1113 760 1191 Latinorum,
778 1133 873 1195 super
890 1114 1004 1175 domos
1022 1114 1101 1174 duas
1119 1115 1150 1175 in
1169 1114 1251 1176 dicta
1273 1116 1399 1176 civitate
1416 1117 1551 1180 habitas.

394 1221 472 1282 Item
498 1238 625 1281 causam
651 1221 732 1281 inter
757 1218 913 1281 famulum
941 1220 1060 1281 Mathie
1085 1221 1279 1301 panczerarii
1306 1236 1337 1283 et
1362 1223 1466 1304 ipsum
1485 1223 1552 1283 Ma-

293 1327 392 1390 thiam
408 1327 499 1407 jurati
517 1326 792 1404 adjudicaverunt,
806 1325 894 1406 quod
912 1327 979 1407 ipse
997 1324 1136 1387 famulus
1155 1326 1377 1389 vulneraverat
1394 1325 1552 1389 famulum

290 1432 451 1509 Platbnar‚
476 1432 563 1513 quod
590 1432 656 1513 ipse
683 1432 818 1492 Mathias
850 1432 1055 1493 medietatem
1084 1432 1224 1494 solveret
1256 1448 1287 1495 et
1310 1433 1405 1494 aliam
1431 1434 1552 1495 medie·

289 1555 385 1603 tatem
419 1541 486 1622 ipse
519 1538 675 1615 famulus;
716 1540 782 1621 ipse
822 1558 898 1599 vero
939 1539 1076 1600 Mathias
1110 1539 1314 1620 pancerarins
1353 1541 1552 1603 voluntatem

288 1647 386 1729 judici
411 1662 442 1708 et
466 1647 575 1725 juratis
599 1660 725 1708 tenetur
750 1646 904 1707 invenire.

395 1755 472 1815 ltem
498 1752 625 1815 Gerkxa
648 1753 814 1814 convictus
846 1766 892 1814 est
916 1766 1026 1813 contra
1051 1751 1210 1830 Agatham
1243 1752 1275 1813 in
1300 1753 1338 1814 V.
1364 1751 1480 1834 pensis,
1505 1751 1552 1829 ju·

290 1860 365 1921 ratis
390 1859 427 1921 C.
453 1859 602 1920 denariis.

395 1966 473 2027 ltem
504 1985 595 2027 causa
631 1965 712 2027 inter
744 1964 913 2025 Nicolaum
954 1978 1108 2025 sartorem
1142 1978 1173 2025 et
1205 1963 1359 2025 Mathiam
1393 1962 1551 2024 famulum

289 2073 432 2134 eiusdem
457 2073 585 2133 racione
610 2070 825 2132 ammissionis
849 2071 924 2151 palii
951 2085 1156 2152 prorogatum
1182 2071 1222 2131 ad
1246 2070 1483 2132 sciscitandum.

396 2177 473 2239 ltem
492 2197 620 2238 causam
646 2177 728 2238 inter
745 2177 897 2238 Mathiam
924 2191 1065 2238 sutorem
1083 2190 1114 2237 et
1139 2177 1308 2238 Nicolaum
1335 2175 1553 2258 Wrecharych

289 2283 381 2362 jurati
407 2283 673 2361 adjudicaverunt
697 2284 825 2344 racione
858 2282 1093 2344 verberacionis
1118 2296 1148 2343 et
1183 2282 1431 2360 vulneracionis,
1463 2282 1552 2362 quod

241 2371 243 2375 ἲ
289 2391 357 2473 ipse
381 2391 534 2452 Nicolaus
559 2391 618 2471 ipsi
645 2389 763 2451 Matbie
786 2403 911 2450 tenetur
935 2390 1060 2450 solvere
1077 2408 1179 2469 usque
1204 2403 1352 2450 octavum
1378 2388 1463 2449 diem
1481 2387 1551 2448 Xlll

288 2516 403 2578 pensas
427 2512 458 2559 et
482 2497 592 2575 juratis
616 2496 760 2578 quinque
785 2515 909 2577 pensas.

393 2603 472 2664 Item
497 2622 624 2663 causam
650 2603 732 2663 inter
756 2602 898 2663 blasium
923 2617 1076 2664 sartorem
1106 2602 1235 2662 racione
1267 2601 1371 2661 dentis
1404 2599 1549 2661 unicorni

289 2723 321 2772 et
356 2724 541 2772 executores
574 2709 712 2770 condam
745 2709 825 2771 Pero
857 2709 949 2788 jurati
990 2722 1244 2790 prorogaverunt
1276 2726 1376 2788 usque
1411 2706 1551 2787 primum

288 2815 443 2895 judicium
469 2830 539 2897 post
564 2816 712 2876 Natalem
737 2814 867 2892 Christi,
892 2830 922 2875 et
951 2815 1018 2896 ipse
1035 2828 1181 2876 teneatur
1205 2813 1377 2874 literatorie
1403 2830 1550 2892 compro-

288 2924 363 2983 bare
389 2923 433 2982 uti
460 2922 547 3003 prius
572 2919 632 2982 luit
655 2922 713 2982 sibi
740 2921 958 2981 commissum.

394 3029 471 3090 ltem
486 3029 560 3109 quia
576 3028 659 3089 Dora
675 3028 966 3109 Kn'hynachycbna
981 3027 1088 3087 relicta
1106 3027 1243 3086 condam
1259 3024 1385 3086 Martini
1406 3025 1550 3084 Kranecz

288 3149 417 3216 propter
435 3135 636 3195 maliciosum
654 3153 735 3214 opus
753 3134 983 3208 concubinatus
1001 3133 1107 3214 sepius
1124 3148 1246 3213 reperta
1269 3131 1328 3192 luit
1352 3146 1382 3192 et
1400 3131 1549 3191 desistere

289 3240 394 3300 noluit
409 3254 440 3301 et
453 3239 618 3300 manifeste
634 3254 755 3320 reperta
771 3238 839 3317 fuit,
858 3254 887 3299 et
905 3240 977 3299 licet
995 3240 1060 3319 ipsa
1075 3254 1202 3319 propter
1213 3239 1316 3319 ipsum
1335 3236 1452 3297 lactum
1474 3256 1549 3297 con·

288 3346 456 3408 cubinatus
474 3347 605 3407 introitu
624 3346 759 3406 civitatis
776 3345 936 3425 prohibita
955 3345 1023 3420 luit,
1044 3345 1098 3404 sed
1126 3359 1254 3426 propter
1272 3344 1547 3424 supplicacionem

288 3453 428 3535 plurium
463 3454 603 3513 virorum
630 3452 734 3512 eidem
765 3453 905 3532 graciam
942 3451 1083 3527 lecimus,
1116 3452 1170 3512 sed
1204 3453 1227 3510 si
1262 3451 1400 3532 amplius
1425 3464 1547 3531 reperta

287 3557 393 3636 fuerit,
419 3573 533 3619 extunc
559 3559 602 3618 uti
637 3558 724 3638 prius
753 3559 905 3639 seriptum
939 3557 1039 3618 estin
1074 3557 1212 3638 presenti
1246 3557 1400 3617 katherno
1432 3574 1547 3637 penam

286 3664 392 3726 subire
417 3679 572 3725 teneatur.

665 3813 759 3885 Feria
789 3812 892 3884 tercia
921 3822 998 3901 post
1028 3813 1167 3883 Andree.

795 3969 836 4041 (1.
860 3967 1033 4037 decembris).

392 4109 469 4170 ltem
496 4128 588 4169 causa
622 4109 701 4168 inter
728 4107 919 4188 llyonisium
952 4120 1105 4166 sartorem
1135 4120 1164 4166 ct
1189 4107 1374 4167 Thomaska
1408 4107 1546 4183 juratum

286 4230 331 4275 est
356 4230 524 4297 prorogata
552 4215 590 4274 de
615 4214 781 4273 ambarum
816 4212 957 4293 parcium
988 4212 1151 4271 voluntate
1184 4213 1208 4271 si
1235 4213 1430 4273 concordare
1457 4225 1545 4292 pote·

286 4321 358 4398 rint,
383 4322 526 4401 alioquin
553 4319 606 4381 fiet
631 4318 795 4396 judicium.

392 4429 467 4489 ltem
495 4427 681 4487 Valentinus
712 4440 800 4485 sutor
832 4438 940 4484 contra
967 4423 1128 4483 Thomam
1163 4438 1303 4484 sutorem
1331 4423 1545 4497 juramentum

286 4535 421 4616 prestitit
446 4549 478 4594 ut
503 4533 624 4593 debuit.

391 4640 467 4700 ltem
501 4638 593 4718 jurati
626 4635 890 4716 adjudicaverunt
922 4635 1004 4696 inter
1036 4635 1191 4694 Jacobnm
1223 4633 1368 4716 Wythyn
1402 4647 1433 4694 et
1465 4634 1545 4694 inter

286 4745 463 4808 lohannem
489 4745 650 4806 Wercbelr
676 4744 706 4804 in
725 4764 776 4818 eo,
800 4742 887 4824 quod
909 4742 976 4822 ipse
994 4742 1156 4802 lohannes
1173 4739 1332 4801 Werchek
1357 4740 1444 4819 quod
1463 4740 1544 4799 vitu·

284 4853 408 4934 peravit
432 4852 463 4912 in
488 4850 609 4933 judicio
640 4849 780 4912 eundem
813 4848 966 4910 Jacobum
993 4844 1158 4908 convictus
1189 4860 1236 4907 est
1259 4859 1369 4907 contra
1394 4845 1545 4924 judicem,
