3488 5272
238 266 302 346 476
622 262 821 341 Aitn01478.
847 298 888 308 -
910 266 941 324 ό.
965 264 1134 325 novembres.

1153 371 1501 379 *-.—-..

348 476 424 537 ltem
452 497 578 537 causam
605 478 686 537 inter
711 475 887 557 Georgium
906 479 1047 539 Zalaricz
1074 492 1103 538 et
1130 475 1320 537 Michaelem
1339 476 1501 537 seniorem

241 580 378 661 iuratum
405 583 532 645 racione
565 583 730 644 cuiusdam
764 585 849 664 equi,
881 583 973 664 jurati
1005 583 1269 666 adjudicaverunt
1300 580 1388 663 quod
1413 581 1501 643 idern

240 687 400 768 Georgius
423 690 526 750 solvat
549 689 692 771 precium
718 689 792 770 equi
822 689 885 751 illis
915 688 1026 770 juratis
1058 689 1113 770 qui
1137 687 1198 749 sibi
1231 687 1401 769 porciones
1424 707 1501 749 suas

239 813 304 854 non
329 795 519 858 dimiserunt
543 809 573 858 et
597 795 641 856 sic
666 814 786 876 equum
811 796 953 878 recipiat.

345 901 422 963 Item
444 922 572 963 causam
592 902 672 963 inter
689 901 854 963 dominam
873 903 991 964 Nesam
1008 913 1188 963 consortem
1206 899 1331 962 Nicolai
1349 898 1499 963 Horuatb

240 1021 270 1068 et
296 1007 492 1090 Stephanum
519 1008 677 1069 literatum
701 1007 893 1069 modernum
916 1007 1054 1089 juratum
1072 1007 1201 1069 racione
1225 1006 1389 1068 cuiusdam
1420 1004 1500 1070 fide-

241 1114 375 1175 iussoris
399 1134 456 1195 pto
481 1113 590 1175 decem
616 1114 684 1175 flor.
703 1133 760 1196 per
777 1113 897 1197 juratos
920 1113 1146 1193 adjudicatam,
1160 1112 1245 1175 idern
1263 1112 1394 1174 domina
1412 1113 1497 1177 Nesa

240 1218 280 1280 de
304 1218 424 1299 judicio
450 1221 625 1298 iuratorum
651 1240 715 1281 non
741 1234 889 1282 contenta
910 1219 951 1281 ad
968 1219 1110 1281 seniores
1133 1217 1256 1301 judices
1272 1218 1408 1280 eandem
1426 1238 1500 1280 cau·

238 1345 304 1386 sam
330 1327 514 1408 appellavit.

345 1433 420 1493 ltem
446 1435 478 1493 in
512 1432 594 1494 lacto
626 1433 773 1493 similiter
805 1431 948 1494 eiusdem
981 1446 1011 1493 et
1043 1429 1175 1512 Georgii
1201 1431 1343 1493 Zalaricz
1367 1432 1498 1493 racione

238 1537 385 1600 similiter
409 1539 572 1600 cuiusdam
600 1537 798 1599 fideiussoris
825 1557 883 1619 pro
911 1538 1022 1598 decem
1047 1536 1117 1599 flor.
1150 1557 1206 1619 per
1230 1538 1349 1617 juratos
1372 1537 1498 1617 adjudi-

239 1658 352 1722 catam,
378 1646 462 1706 idem
489 1646 620 1706 domina
639 1645 720 1704 Nesa
746 1644 785 1705 de
809 1644 929 1725 judicio
946 1644 1122 1725 juratorum
1140 1662 1205 1704 non
1229 1658 1378 1705 contenta
1396 1644 1498 1725 ipsam

238 1767 363 1810 causam
390 1752 429 1811 ad
454 1753 596 1813 seniores
620 1751 741 1829 judices
765 1750 947 1832 appellavit.

345 1857 420 1918 ltem
436 1877 562 1919 causam
583 1859 663 1918 inter
680 1857 854 1918 Doroteam
872 1875 1002 1917 uxorem
1022 1856 1176 1917 lobannis
1195 1857 1314 1938 Polyak
1332 1870 1362 1918 et
1379 1856 1498 1918 Kathe·

238 1962 339 2023 rinam
366 1980 498 2024 matrem
525 1964 666 2025 eiusdem
693 1963 820 2023 racione
846 1961 1059 2043 quorumdam
1077 1981 1218 2023 asserum
1244 1976 1382 2043 quatuor
1408 1963 1498 2044 plau-

237 2084 373 2132 strorum
401 2090 435 2130 ac
461 2071 621 2150 lignorum
655 2089 711 2150 per
733 2067 853 2146 juratos
884 2067 1111 2148 adjudicatam,
1144 2066 1230 2128 idem
1256 2067 1429 2129 Katherina
1455 2068 1495 2128 de

237 2176 357 2257 judicio
382 2176 557 2255 juratorum
583 2195 648 2236 non
673 2187 821 2236 contenta
851 2173 950 2255 ipsam
984 2193 1110 2234 causam
1135 2172 1175 2234 ad
1207 2173 1349 2234 seniores
1372 2173 1497 2254 judices

237 2283 419 2364 appellavit.
755 2283 758 2288 '

343 2389 419 2448 ltem
452 2389 597 2448 Andreas
628 2386 747 2468 (frater)
780 2386 903 2459 domini
937 2385 1091 2446 iohannis
1129 2385 1258 2447 racione
1289 2399 1320 2446 et
1351 2398 1498 2466 pretextu

236 2496 403 2556 cuiusdam
428 2515 484 2555 sue
509 2515 608 2556 avene
641 2495 857 2576 juramentum
890 2511 983 2554 suum
1016 2493 1075 2553 rite
1100 2507 1130 2554 et
1160 2492 1316 2574 legittime
1348 2492 1499 2574 deposuit

236 2617 269 2662 ut
294 2602 415 2662 debuit.

343 2708 418 2769 ltem
453 2708 561 2768 relicta
595 2708 746 2767 Kussicza
779 2727 834 2787 per
866 2708 992 2768 Petrum
1025 2727 1134 2788 sporar
1167 2706 1271 2787 primo
1303 2705 1396 2767 citata
1431 2723 1495 2765 non

236 2816 417 2895 comparuit
442 2836 499 2876 nec
525 2829 764 2897 procuratorem
790 2815 982 2894 legittimum
1008 2833 1102 2876 suum
1127 2813 1221 2875 misit.

341 2922 417 2981 ltem
434 2921 597 2981 Dionisins
614 2935 724 2997 sartor,
744 2921 926 2981 Demetrius
942 2936 1040 2998 sutor,
1059 2921 1167 2980 relicta
1185 2918 1305 2980 Mathis
1323 2918 1497 2999 Simunycz

236 3042 344 3086 contra
371 3028 502 3088 Gallum
528 3027 665 3106 juratum
692 3027 881 3087 secundario
905 3047 969 3086 non
1000 3027 1086 3088 venit
1111 3046 1168 3087 nec
1193 3026 1372 3106 comparuit
1396 3044 1432 3084 ac
1456 3025 1496 3084 si·

237 3133 355 3193 militer
380 3134 568 3194 Valentinus
593 3148 681 3193 sutor
705 3153 769 3193 non
800 3134 985 3213 comparuit.

308 3368 402 3438 lesia
431 3378 526 3439 sexta
557 3368 708 3457 proxima
737 3379 813 3439 ante
833 3369 955 3438 festum
985 3368 1072 3438 beati
1103 3366 1239 3438 llartini
1268 3370 1425 3455 episcopi.

739 3518 785 3599 (ό.
809 3522 989 3596 novembris).

342 3661 417 3722 ltem
444 3681 570 3721 causam
598 3663 677 3721 inter
697 3664 816 3721 Lucam
842 3660 989 3720 llibaricz
1007 3675 1037 3721 et
1062 3661 1240 3722 iohannem
1269 3661 1429 3721 literatum
1447 3680 1496 3720 ra·

237 3770 328 3828 cione
353 3768 464 3848 viginti
492 3768 597 3827 minus
622 3788 686 3828 uno
720 3767 799 3844 llor,
825 3782 854 3827 et
886 3787 943 3848 pro
975 3768 1137 3846 sexaginta
1169 3767 1293 3843 solidis,
1317 3766 1408 3844 iurati
1442 3766 1496 3826 ad·

237 3875 468 3952 judicaverunt,
494 3875 580 3954 quod
607 3875 685 3934 illud
721 3875 835 3954 pignus
860 3875 947 3954 quod
981 3874 1160 3934 abeodem
1193 3873 1338 3933 iohanne
1371 3873 1496 3934 literato

238 3980 331 4041 habet
357 4003 388 4039 se
417 3983 516 4042 laicas
542 3981 689 4040 llibaricz
713 3982 866 4055 exsolvat,
891 3997 921 4041 et
950 3981 1003 4040 ille
1028 3981 1139 4061 ciphus
1163 3995 1332 4061 argenteus
1356 4001 1413 4061 pro
1431 4000 1496 4060 quo

238 4087 321 4145 idem
348 4086 508 4147 lohannes
534 4086 659 4162 juravit,
684 4087 742 4146 sibi
774 4087 858 4147 luce
878 4088 1023 4148 lliliaricz
1049 4088 1078 4146 in
1106 4089 1206 4168 ipsam
1232 4106 1413 4168 sumpmam
1439 4086 1496 4147 llo·

237 4212 386 4251 tenorum
413 4193 493 4269 jurat
519 4210 547 4254 et
574 4192 625 4254 fiat
651 4213 713 4251 non
741 4193 839 4272 ipsius
868 4194 993 4274 pignus.

343 4298 417 4358 ltern
452 4319 579 4358 corisum
613 4302 693 4360 inter
725 4298 917 4377 Gregorium
953 4299 1128 4359 institorem
1158 4314 1186 4359 et
1220 4299 1381 4359 Anilrenm
1407 4319 1495 4359 arcu·

236 4423 343 4482 parem
371 4405 497 4464 racione
530 4406 695 4465 cuiusdam
728 4417 810 4464 mete
835 4425 929 4484 parve
963 4406 1043 4464 inter
1077 4404 1184 4465 vincas
1217 4406 1370 4485 ipsorum,
1402 4403 1494 4483 jurati

236 4509 511 4587 adjudicaverunt,
536 4512 623 4590 quod
651 4511 734 4572 idern
759 4511 903 4572 Andreas
927 4530 1060 4590 urcupar
1086 4510 1228 4571 instinxit
1254 4513 1353 4593 ipsam
1379 4527 1495 4572 metam

237 4635 309 4677 cum
335 4635 396 4675 utta
422 4616 569 4697 potencia
595 4633 624 4677 et
650 4637 723 4678 cum
747 4616 885 4678 secunda
911 4616 1032 4696 aperire
1058 4615 1152 4675 debet
1177 4629 1208 4674 et
1232 4631 1367 4680 tenetur.

342 4724 418 4784 ltem
445 4743 536 4784 causa
561 4744 598 4783 ex
628 4739 716 4807 parte
751 4722 882 4805 Georgii
916 4722 1057 4784 Zalaricz
1090 4718 1245 4782 carnificis
1277 4743 1334 4806 pro
1358 4722 1495 4805 quadam
