3488 5272
586 315 673 372 Anno
698 312 791 393 1469.
817 348 857 356 -
884 312 933 375 18.
951 317 1033 390 julii.
1378 336 1439 397 357

180 527 255 587 bare
281 526 412 587 nolebat
429 525 460 585 in
479 524 609 604 judicio,
627 539 735 587 contra
754 525 890 586 eandem
907 527 1072 589 convictus
1093 527 1186 588 estin
1206 527 1316 608 viginti
1335 529 1441 609 pensis

177 631 386 693 denariorum
412 646 442 692 et
467 631 497 692 in
524 632 669 693 ducentis
697 631 837 692 denariis
868 647 977 693 contra
1003 633 1286 709 communitatem
1312 635 1350 696 de
1375 654 1441 716 quo

177 736 298 813 iudicio
316 738 492 818 juratorum
512 738 578 818 ipse
600 736 737 799 Michael
755 757 820 798 non
837 751 1016 815 contentus,
1037 738 1171 800 eandem
1186 759 1313 800 causam
1331 741 1439 823 appel·

178 843 256 904 lavit
280 844 320 904 ad
344 845 487 905 seniores
511 844 641 925 judices.

284 950 359 1011 ltem
386 970 513 1011 causam
540 951 621 1010 inter
647 950 836 1012 Michaelem
855 950 1024 1032 pellificem
1043 965 1074 1013 et
1098 952 1179 1012 inter
1204 951 1365 1013 Thomam
1385 952 1439 1013 Se·

179 1056 310 1138 lesnyak
344 1058 470 1118 racione
504 1057 757 1135 adjudicationis
791 1057 968 1136 juratorum
1003 1058 1129 1119 racione
1162 1059 1383 1140 inscriptionis
1408 1059 1439 1119 in

176 1164 315 1244 presenti
342 1162 507 1240 kathern0‚
532 1164 620 1244 quod
646 1161 705 1225 fuit
730 1164 887 1225 admissus
916 1164 1056 1246 prelatus
1080 1163 1225 1225 Thomas
1249 1165 1359 1226 canale
1384 1184 1439 1247 po·

178 1286 252 1328 nere
278 1288 377 1348 penes
401 1268 534 1330 domum
561 1269 660 1350 ipsius
685 1270 862 1347 Michaelis,
886 1290 961 1351 qura
991 1268 1049 1330 fuit
1074 1271 1288 1352 conscriptum
1314 1271 1345 1331 in
1371 1291 1439 1352 pre-

175 1374 256 1435 senti
281 1374 443 1453 calerno,
469 1375 557 1456 quod
582 1377 648 1457 ipse
675 1376 777 1457 ipsum
796 1377 982 1438 cathernum
1004 1378 1175 1458 reprobare
1201 1378 1340 1453 volebat,
1366 1377 1440 1438 ideo

176 1481 341 1543 convictus
365 1496 411 1543 est
436 1497 466 1543 et
490 1483 586 1565 capiti
604 1501 662 1543 suo
687 1482 783 1544 debet
808 1483 951 1544 invenire
967 1482 1107 1563 graciam
1132 1497 1162 1543 et
1187 1483 1438 1545 misericordiam

176 1606 288 1665 exeo,
321 1590 395 1669 quia
421 1589 488 1670 ipsa
520 1607 614 1650 cansa
647 1587 707 1649 luit
739 1587 919 1668 adjudicata
952 1603 982 1649 et
1015 1589 1118 1670 ipsum
1153 1589 1339 1652 cathernnm
1375 1608 1438 1650 non

175 1694 280 1775 potuit
305 1696 487 1776 reprobare.

281 1801 358 1862 ltem
384 1801 415 1862 in
441 1799 524 1862 facto
549 1800 761 1882 depilacionis
791 1800 949 1861 Francisci
981 1801 1089 1881 generi
1116 1800 1243 1861 Thome
1271 1801 1438 1884 blarysych

174 1928 231 1990 per
256 1909 438 1970 Emericum
472 1908 706 1990 carpentarium
731 1905 823 1985 laete,
855 1909 931 1988 quia
964 1908 1031 1989 ipse
1064 1906 1167 1988 primo
1193 1908 1306 1969 citatus
1330 1923 1439 1970 contra

176 2015 315 2075 eundem
341 2034 405 2075 non
431 2013 610 2096 comparuit
635 2014 667 2073 in
692 2013 822 2092 judicio.

283 2121 359 2182 ltem
386 2139 514 2181 causam
539 2121 622 2181 inter
646 2120 745 2181 lwrse
770 2119 943 2201 agricolam
962 2134 992 2179 et
1017 2120 1098 2180 inter
1121 2119 1263 2180 Blasinm
1282 2119 1437 2181 famulum

176 2227 303 2288 Martini
337 2226 452 2305 judicis
484 2227 612 2287 racione
644 2227 879 2287 verberacionis
911 2241 941 2287 et
976 2225 1215 2286 vulneracionis
1250 2245 1305 2306 per
1335 2226 1438 2306 ipsum

176 2332 315 2394 Blasinm
342 2352 437 2414 snper
462 2334 565 2415 ipsum
592 2334 689 2394 Jn'rse
712 2331 838 2409 laetam,
863 2333 929 2413 ipse
956 2332 1052 2392 Jwrse
1078 2331 1238 2393 tenebitur
1262 2331 1365 2410 jurare
1390 2351 1438 2393 se·

174 2441 359 2514 cundomet,
384 2440 473 2520 quod
505 2441 570 2521 ipse
604 2438 744 2501 famulus
776 2439 956 2500 vulneravit
980 2458 1065 2514 eum,
1097 2451 1172 2499 tunc
1197 2438 1264 2519 ipse
1296 2436 1438 2499 famulus

175 2548 335 2607 tenebitur
358 2547 482 2607 solvere
509 2546 567 2626 ipsi
600 2546 698 2606 Jwrse
730 2544 903 2605 duodecim
937 2564 1051 2627 pensas
1082 2557 1113 2605 et
1143 2544 1203 2604 XX
1226 2543 1385 2622 denarios,
1409 2558 1440 2604 et

176 2655 286 2729 juratis
310 2667 437 2713 centum
464 2651 623 2712 denarios.

230 2889 324 2962 Feria
354 2889 459 2961 tercia
484 2888 636 2978 proxima
665 2898 738 2978 post
769 2889 891 2961 festum
917 2891 1004 2961 beati
1034 2888 1143 2961 Alexil
1172 2889 1384 2961 confessoris.

715 3039 895 3119 adffw.

283 3184 358 3244 ltem
386 3184 416 3243 in
446 3203 539 3245 causa
572 3184 653 3245 inter
678 3183 869 3266 llyonisium
903 3184 1072 3266 Sypchych
1104 3183 1263 3246 seniorem
1300 3184 1438 3264 juratum

174 3305 204 3351 et
221 3291 385 3352 concivem
401 3305 558 3367 nostrum,
575 3305 605 3352 et
621 3292 701 3352 inter
715 3291 892 3351 lohannem
912 3289 1068 3351 famulum
1088 3290 1235 3373 Dyonisii
1254 3291 1439 3374 Wodopye‚

176 3416 273 3476 quent
301 3397 366 3478 ipse
394 3397 566 3478 l)y0nisins
591 3397 808 3478 proquodam
831 3416 991 3477 equosuo
1015 3397 1173 3479 captivare
1199 3397 1325 3475 lecerat,
1342 3417 1437 3478 quem

174 3502 240 3583 ipse
275 3502 449 3584 l))·onisins
482 3501 619 3563 iuratum
654 3503 713 3563 sibi
746 3503 883 3580 dicebat,
916 3522 1012 3583 quem
1045 3522 1165 3584 equum
1203 3504 1269 3585 ipse
1300 3501 1440 3564 famulus

175 3609 349 3690 Wodopye
374 3609 501 3669 dicebat
527 3607 622 3668 fuisse
649 3623 811 3690 receptum
831 3628 886 3689 per
911 3609 1058 3670 homines
1075 3609 1199 3670 domini
1225 3609 1299 3670 bani
1325 3624 1355 3670 et
1378 3610 1438 3670 sibi

174 3715 285 3776 datum
312 3733 366 3795 per
400 3716 531 3775 eosdem
556 3716 594 3775 ad
629 3715 812 3775 ducendum
843 3713 913 3776 illac
947 3716 1000 3775 ubi
1027 3714 1086 3777 fnit
1117 3730 1278 3797 receptns;
1303 3716 1352 3776 cui
1386 3715 1438 3777 Jo-

175 3820 271 3880 hanni
299 3819 420 3880 lamulo
446 3821 545 3902 ipsius
563 3821 737 3903 Wodopye
762 3821 854 3899 jurati
880 3821 984 3882 taliter
1002 3821 1236 3899 adjudicarunt,
1259 3821 1347 3903 quod
1373 3822 1438 3904 ipse

176 3926 315 3989 famulus
341 3927 514 4010 ll'odopye
540 3929 668 3989 debebit
693 3928 796 4007 jurare
820 3929 1004 3989 terciusmet
1032 3930 1176 4009 personis
1196 3928 1254 3990 sibi
1280 3928 1439 3989 similibus

175 4032 251 4096 leria
276 4049 361 4095 sexta
387 4035 531 4114 proxime
556 4049 688 4095 ventura
715 4035 745 4095 in
770 4054 822 4095 ata
847 4049 953 4096 sancte
983 4034 1106 4113 Crucis,
1131 4035 1219 4115 quod
1245 4035 1312 4116 ipse
1332 4035 1437 4117 ipsum

174 4161 294 4222 equum
321 4162 384 4201 non
411 4138 568 4202 iuraverat
587 4142 636 4202 vel
662 4142 747 4222 ipsos
764 4141 912 4202 homines
929 4155 1116 4218 monstrare,
1140 4143 1193 4222 qui
1219 4142 1278 4202 sibi
1298 4142 1437 4203 eundem

175 4266 294 4328 equurn
321 4247 486 4325 dederant,
512 4263 542 4308 et
559 4248 636 4308 dnm
660 4247 787 4327 jurabit,
813 4261 887 4307 tunc
913 4247 978 4328 ipse
999 4246 1171 4329 llyonisius
1196 4246 1364 4330 Sypchych
1390 4266 1436 4307 re·

175 4355 317 4414 manebit
340 4354 370 4414 in
397 4355 470 4414 vivo
495 4354 648 4435 homagio
673 4354 778 4415 eidem
807 4352 944 4414 lohanni
972 4352 1093 4414 famulo
1118 4353 1291 4435 Wodopye
1317 4369 1346 4414 et
1379 4352 1437 4414 sci·

175 4461 248 4521 licet
274 4461 304 4521 in
330 4461 502 4521 duodecim
529 4475 558 4521 et
584 4460 688 4521 media
721 4460 836 4520 marcis
864 4459 1081 4536 denariorum,
1115 4473 1145 4520 et
1169 4459 1193 4519 si
1219 4478 1284 4520 non
1311 4459 1437 4537 jurabit,

174 4581 250 4629 tunc
274 4587 332 4649 pro
358 4567 426 4629 fure
453 4569 662 4649 reputabitur.

282 4673 358 4735 ltem
384 4675 458 4755 quia
484 4674 623 4755 quedam
642 4673 758 4735 mulier
781 4671 985 4754 Tancetycza
1003 4670 1086 4731 dicta
1104 4671 1135 4731 in
1161 4669 1331 4734 manifesto
1348 4668 1436 4732 furti·

176 4780 262 4843 cinio
287 4780 383 4842 unius
407 4780 536 4842 camisia
562 4781 660 4843 Marci
684 4778 797 4841 famuli
829 4777 953 4841 domini
982 4775 1137 4839 lobannis
1168 4777 1309 4840 doctoris
1342 4795 1436 4839 cano·
