3488 5272
610 401 697 457 Anao
720 402 813 477 1469.
839 435 880 443 —
898 414 932 476 δς.
956 404 1037 463 ntar'i.
1391 421 1452 483 353

188 609 369 671 Johannem
397 611 571 692 Perowrch
607 611 795 691 magnificus
822 611 981 692 Georgius
1013 632 1121 674 comes
1145 615 1281 694 Zagorie
1305 628 1363 677 etc.
1388 616 1454 676 suis

190 715 290 778 literis
327 716 543 778 mediantibus
587 718 714 778 racione
747 719 822 778 dicti
856 718 1025 778 damastini
1059 721 1183 799 quitum
1210 720 1367 796 reddidit;
1398 723 1454 782 sed

188 823 316 903 siquid
343 823 409 906 ipse
435 824 553 884 Paulus
587 823 654 885 Lab
687 824 783 886 habet
815 825 964 906 prosequi
999 825 1126 886 racione
1152 826 1250 906 ipsius
1282 827 1453 889 damastini

189 928 256 1010 ipse
281 949 390 991 comes
416 928 577 1009 Georgius
601 949 697 1011 super
721 951 753 991 se
783 931 913 1011 recepit,
944 946 977 990 ut
1002 931 1106 1012 ipsum
1132 933 1282 1012 requirat,
1308 933 1380 994 ideo
1406 934 1453 993 in-

188 1034 337 1095 venimus
362 1049 392 1097 et
424 1037 602 1116 reperimus
634 1037 722 1116 quod
752 1037 818 1116 ipse
850 1035 1011 1096 Johannes
1046 1037 1220 1118 Perowych
1253 1057 1316 1099 non
1342 1039 1455 1100 debuit

189 1139 353 1221 deponere
385 1141 601 1221 juramentum
636 1142 815 1223 predictum
841 1163 877 1202 ex
908 1162 958 1218 eo,
992 1143 1080 1223 quod
1113 1143 1212 1204 literis
1237 1145 1453 1205 mediantibus

190 1247 256 1328 ipse
282 1246 444 1328 Georgius
462 1268 570 1309 comes
587 1249 724 1309 eundem
752 1248 931 1309 Johannem
952 1249 1125 1330 Perottych
1144 1251 1348 1330 expurgarit3
1367 1252 1456 1313 cuius

190 1352 280 1414 litere
299 1354 398 1434 ipsius
423 1353 554 1434 Georgii
574 1355 701 1415 comitis
718 1355 843 1435 copiam
862 1354 1011 1414 dedimus
1030 1355 1176 1415 Emerico
1194 1355 1350 1416 Zentherx
1370 1357 1455 1417 dicto

189 1459 388 1539 procuratori
416 1460 514 1540 ipsius
542 1460 630 1520 Pauli
659 1460 723 1520 Lah
750 1463 808 1520 sub
833 1461 940 1539 sigilio
965 1459 1088 1537 judicis.

295 1565 372 1626 item
406 1567 480 1646 quia
507 1566 643 1627 Mathias
675 1567 814 1646 agricola
848 1566 1035 1647 Spylwsycb
1069 1564 1263 1626 inhabitator
1299 1567 1450 1627 territorii

188 1685 218 1732 et
243 1672 389 1732 suburbii
416 1673 499 1733 dicte
525 1674 671 1747 civitatis,
697 1674 728 1732 in
752 1672 837 1733 furtu
863 1673 1027 1732 cuiusdam
1047 1671 1127 1731 milii
1154 1672 1286 1752 provide
1313 1673 1456 1733 mulieris

189 1778 288 1838 Elena
314 1794 425 1839 vocate
451 1780 560 1840 relicte
587 1779 724 1840 condam
757 1778 955 1854 Chehitonis‚
980 1775 1147 1838 manifeste
1173 1776 1231 1838 fuit
1256 1794 1408 1860 repertus,
1425 1795 1456 1841 et

188 1886 262 1964 quia
288 1886 355 1966 ipse
381 1885 516 1945 Matiiias
535 1884 725 1966 Spylwsych
744 1900 874 1965 propter
892 1884 1077 1944 huiusmodi
1101 1882 1173 1942 furti
1193 1885 1454 1946 commissionem

189 1991 227 2051 de
253 1993 413 2052 territorio
439 1993 537 2074 ipsius
564 1993 700 2053 cit-itatis
723 1991 886 2071 effugerat,
912 2005 941 2051 et
959 1991 1034 2070 quia
1060 2009 1117 2070 pro
1149 2009 1188 2049 eo
1213 2004 1258 2049 est
1284 1991 1376 2050 nobis
1400 2010 1455 2071 per

189 2100 296 2181 plures
320 2102 438 2181 probos
463 2115 493 2160 et
518 2099 670 2160 honestos
703 2100 787 2159 viros
811 2118 908 2179 penes
941 2117 1013 2157 eum
1041 2096 1194 2156 Mathiam
1228 2095 1453 2176 supplicatum,

188 2220 222 2265 ut
247 2206 304 2288 ipsi
342 2206 460 2267 Mathie
485 2227 543 2287 pro
569 2207 673 2287 primo
699 2225 755 2265 suo
782 2225 911 2266 excessu
936 2205 1075 2284 graciam
1100 2201 1296 2280 fecissemus,
1321 2205 1370 2263 cui
1397 2224 1455 2264 nos

186 2313 326 2391 graciam
351 2310 486 2373 fecimus
512 2313 627 2389 taliter,
653 2312 741 2392 quod
775 2312 841 2392 ipse
869 2312 935 2371 leso
968 2310 1150 2386 satisfaciat,
1180 2324 1210 2370 et
1234 2311 1258 2369 si
1284 2309 1323 2369 de
1348 2325 1454 2371 cetero

188 2419 220 2479 in
245 2418 406 2481 similibus
431 2434 575 2501 repertus
593 2418 697 2495 fuerit,
718 2434 832 2479 extunc
851 2438 966 2500 penam
985 2437 1081 2497 quam
1101 2416 1296 2498 promerebit
1312 2417 1455 2498 pacietur

187 2525 258 2606 lege
284 2526 383 2606 ipsius
408 2526 544 2587 civitatis
568 2526 762 2606 requirente.

296 2632 373 2693 Item
399 2633 473 2713 quia
500 2633 557 2692 viri
582 2631 708 2714 providi
735 2631 878 2691 Andreas
904 2630 1098 2711 Symwnych
1131 2645 1161 2690 et
1186 2629 1369 2690 Anthonius
1403 2650 1453 2690 se·

188 2739 297 2799 niores
321 2737 443 2817 judices
476 2738 558 2799 dicte
592 2739 738 2814 civitatis,
764 2751 875 2798 eontra
909 2736 1101 2817 Dyonisium
1134 2750 1287 2796 sartorem
1314 2750 1344 2796 et
1375 2736 1455 2796 alios

188 2845 356 2905 consocios
373 2865 448 2905 suos
472 2859 546 2905 octo
567 2845 685 2923 juratos
710 2844 783 2904 anni
803 2843 955 2923 preteriti,
981 2843 1107 2902 racione
1126 2861 1237 2902 eorum
1256 2842 1455 2902 detentionis

187 2951 378 3011 secundario
402 2951 488 3010 citati
515 2952 545 3010 in
572 2949 691 3027 judicio
717 2970 780 3010 non
807 2963 1055 3029 comparuerunt
1088 2967 1196 3008 coram
1221 2948 1324 3009 nobis.

296 3058 371 3118 Item
398 3058 473 3138 quia
491 3057 705 3135 juramentum
724 3057 811 3136 quod
834 3056 862 3115 Τ
868 3055 962 3115 home
981 3054 1113 3115 Cheden
1140 3055 1266 3114 racione
1285 3054 1451 3115 cuiusdam

188 3163 322 3243 argenti,
347 3163 435 3243 quod
460 3179 526 3223 erat
552 3163 679 3244 Matbye
709 3163 870 3222 aurifabro
904 3162 963 3222 civi
989 3160 1072 3221 dicte
1096 3160 1232 3221 civitatis
1258 3160 1316 3221 fuit
1340 3161 1450 3221 datum

188 3289 243 3350 per
268 3269 448 3331 Johannem
470 3269 624 3351 Korpadi,
649 3269 736 3349 quod
757 3269 886 3327 itansar
904 3268 1034 3326 nomine
1054 3267 1152 3347 ipsius
1175 3265 1330 3327 iohannis
1347 3266 1450 3327 eidem

189 3375 308 3436 Mathie
333 3375 476 3449 dederat,
501 3374 589 3455 quod
616 3376 681 3455 ipse
704 3374 837 3435 Cheden
864 3373 1031 3433 fideiussor
1048 3371 1157 3433 suisset
1181 3393 1238 3453 pro
1264 3373 1377 3433 eodem
1405 3392 1452 3432 ar·

186 3497 284 3561 gento
309 3482 413 3544 eidem
448 3481 586 3542 Johunni
615 3480 770 3559 Korpadi,
803 3499 860 3539 nec
886 3480 1074 3560 promiserat
1107 3499 1138 3537 se
1164 3498 1230 3538 esse
1256 3497 1313 3557 pro
1338 3479 1452 3538 eodem

189 3589 308 3650 Mathia
334 3588 496 3649 aurifabro
521 3609 553 3648 se
578 3607 645 3648 esse
671 3586 903 3662 fideiussorem,
929 3585 1015 3665 quod
1035 3585 1249 3660 juramentum
1276 3598 1370 3664 prout
1388 3599 1453 3644 erat

187 3692 292 3754 eidem
319 3693 447 3755 Thome
473 3693 606 3753 Cheden
632 3693 850 3770 adjudicatum
876 3707 971 3772 prout
996 3692 1105 3750 debuit
1130 3690 1288 3770 deposuit.

296 3800 372 3861 Item
399 3801 474 3880 quia
500 3800 644 3859 andreas
674 3800 752 3859 alias
785 3797 923 3858 famulus
948 3798 1077 3857 Thome
1110 3798 1235 3871 sutoris,
1259 3795 1452 3856 successoris

188 3904 348 3968 Francisci
374 3907 500 3980 sutoris,
526 3907 667 3966 concivis
691 3906 800 3982 nostri,
820 3906 1033 3977 iuramentum
1051 3904 1109 3963 sibi
1135 3905 1300 3963 terciomet
1325 3902 1452 3975 adjudi-

188 4026 294 4074 catum
310 4013 436 4073 racione
455 4013 684 4073 custodicionis
701 4012 867 4071 cuiusdam
882 4012 955 4089 equi
972 4011 1076 4087 Egidii
1097 4009 1253 4069 carnificis
1278 4010 1316 4069 de
1335 4009 1453 4081 bilaka,

186 4140 219 4180 ae
236 4120 266 4180 in
283 4120 334 4180 die
348 4134 378 4179 et
395 4119 467 4180 loco
486 4120 544 4179 sibi
567 4117 909 4197 adjudicatodeposuit
927 4133 954 4176 et
966 4138 997 4176 se
1016 4115 1202 4195 expurgavit
1221 4130 1313 4194 prout
1330 4115 1451 4175 debuit.

294 4225 370 4287 item
396 4228 471 4307 quia
505 4227 658 4307 providus
690 4225 736 4284 vir
770 4225 871 4285 Lucas
903 4240 1001 4299 sutor,
1038 4223 1167 4300 juratus,
1201 4221 1304 4300 primo
1337 4221 1450 4281 citatus

186 4346 295 4393 contra
322 4333 440 4393 Rosam
476 4331 700 4413 Hertvoychna
726 4331 855 4407 dictam,
889 4352 952 4390 non
986 4329 1164 4409 comparuit
1198 4329 1227 4386 in
1255 4326 1374 4399 judicio
1399 4346 1449 4386 co-

186 4457 252 4499 ram
279 4438 384 4501 nobis.

293 4543 370 4605 Item
400 4564 528 4605 causam
563 4545 644 4604 inter
677 4543 850 4605 Martinam
884 4541 1021 4615 jndicem
1048 4554 1077 4600 et
1111 4540 1192 4599 inter
1217 4540 1359 4599 Marcum
1386 4558 1451 4597 car·

187 4647 313 4711 nificem
339 4651 466 4711 racione
499 4649 697 4730 recepcionis
721 4647 935 4728 quorumdam
969 4646 1116 4725 palorum
1152 4645 1181 4704 in
1207 4642 1346 4722 quadam
1371 4642 1451 4703 silea

185 4754 295 4817 relicte
319 4755 456 4817 condam
477 4755 597 4816 Mathie
620 4752 837 4835 Kerzouayclt
855 4766 1065 4827 seccatorum,
1091 4766 1120 4811 et
1138 4769 1193 4831 per
1210 4748 1330 4826 juratos
1346 4763 1376 4807 et
1401 4748 1448 4825 ju·

187 4860 294 4925 dicem
318 4862 393 4923 anni
419 4861 560 4945 preteriti
580 4861 718 4921 Martino
743 4860 839 4934 judici
863 4858 1078 4935 venditorum,
1095 4855 1186 4933 jurati
1212 4853 1450 4931 adjudicarunt,

1345 4960 1385 5025 ²³
