3488 5272
625 274 711 331 Anno
735 270 828 351 1469.
854 307 895 316 -
919 285 968 348 25.
992 275 1118 346 augusti.
1441 291 1503 355 359

236 480 407 559 justiciam,
431 497 562 565 propter
594 503 689 564 quarn
715 484 895 565 potenciam
930 484 995 564 ipse
1020 483 1173 545 Nicolaus
1203 483 1337 546 eandem
1370 504 1499 547 causam

237 589 413 670 appellavit
435 589 476 651 ad
501 591 643 652 seniores
666 590 797 671 judices.

344 694 422 757 item
448 696 522 777 quia
549 696 738 757 Thomasko
756 711 857 758 sartor
880 697 1033 758 citaverat
1054 697 1216 758 Andream
1243 698 1436 781 Symwnych
1455 718 1502 759 ra·

237 801 330 863 cione
355 802 442 863 illius
474 803 560 880 facti,
593 804 680 884 quod
720 822 798 864 uxor
831 803 974 864 eiusdem
1000 802 1085 883 juxta
1118 803 1395 883 adjudicationem
1420 804 1502 885 iura-

238 922 344 969 torum
370 923 401 970 et
429 909 559 970 tandem
591 908 754 970 seniorum
788 909 942 989 judicum,
968 909 1183 987 juramentum
1219 910 1307 991 quod
1339 912 1503 972 terciamet

237 1028 378 1096 prestare
402 1017 572 1077 tenebatur
596 1029 706 1077 contra
739 1016 844 1098 ipsum
870 1016 1032 1076 Andream
1058 1014 1197 1095 judicem
1231 1017 1359 1078 racione
1384 1017 1501 1078 admis-

237 1120 337 1181 sionis
368 1121 558 1182 animalium
583 1121 622 1183 ad
654 1122 787 1182 domurn
823 1136 853 1183 et
885 1121 1005 1183 curiam
1038 1141 1140 1199 suam,
1171 1121 1264 1202 jurati
1298 1123 1501 1199 invenerunt,

239 1226 327 1307 quod
353 1228 428 1308 quia
453 1228 520 1310 ipsa
545 1247 626 1290 uxor
650 1228 793 1289 eiusdem
812 1227 1001 1288 Thomasko
1022 1247 1086 1289 non
1113 1229 1261 1310 deposuit
1285 1228 1500 1309 juramentum

237 1333 297 1394 sibi
324 1334 554 1414 adjudicatum,
580 1336 647 1416 ipse
672 1334 861 1395 Thomasko
879 1349 925 1396 est
945 1335 1110 1396 convictus
1135 1335 1166 1395 in
1184 1336 1391 1397 ammissione
1408 1355 1501 1397 cause

237 1458 293 1500 sue
318 1455 429 1503 contra
453 1442 558 1523 ipsum
586 1440 749 1502 Andream
775 1440 925 1520 iudicem.

344 1546 421 1607 item
447 1567 575 1609 causam
602 1548 682 1608 inter
707 1548 821 1630 Myrko
845 1547 1021 1628 agricolam
1052 1561 1083 1609 et
1107 1548 1189 1609 inter
1215 1548 1335 1610 Lucam
1360 1563 1500 1610 autorem

242 1653 370 1714 racione
402 1653 599 1735 recepcionis
630 1654 796 1715 cuiusdam
829 1653 930 1730 bovis,
962 1673 1059 1734 quern
1094 1653 1229 1715 Mathias
1265 1674 1397 1736 arcupar
1434 1674 1501 1716 mo·

240 1758 359 1820 dernus
394 1760 515 1840 juratus
545 1780 603 1842 pro
635 1775 721 1821 certo
753 1760 895 1841 dampno
927 1779 1024 1841 quem
1063 1758 1203 1822 famulus
1235 1761 1333 1843 ipsius
1359 1760 1444 1822 Luce
1469 1761 1500 1822 in

241 1864 444 1944 depascendo
466 1866 570 1927 tritico
595 1866 737 1927 eiusdem
761 1867 927 1947 Myrkonis
944 1884 1001 1946 pro
1027 1886 1090 1927 non
1115 1865 1335 1928 satisfaccione
1360 1867 1501 1949 recipere

241 1969 368 2049 fecerat,
393 1973 558 2033 convictus
590 1987 636 2034 est
668 1987 776 2033 contra
802 1972 907 2054 ipsum
941 1973 1132 2054 Myrkonem
1166 1975 1196 2034 in
1226 1973 1309 2036 facto
1333 1974 1499 2055 potencie;

239 2092 269 2139 et
293 2077 380 2158 quod
407 2078 473 2158 ipse
500 2079 602 2139 Lucas
619 2078 748 2139 volebat
765 2079 974 2159 comprobare
998 2079 1100 2160 ipsum
1128 2079 1280 2142 Mathiam
1305 2100 1502 2162 arcuparem,

239 2183 327 2265 quod
355 2185 420 2266 ipse
447 2204 510 2246 non
537 2185 701 2246 mandavit
734 2185 838 2245 eidem
866 2185 951 2245 Luce
983 2184 1238 2246 satisfaccionem
1263 2187 1447 2267 impendere
1472 2200 1504 2248 et

239 2289 326 2369 quod
352 2310 416 2352 non
442 2290 531 2351 dedit
556 2291 660 2351 eidem
679 2290 765 2351 diem
790 2288 1029 2368 satisfaccionis‚
1056 2291 1122 2372 ipse
1142 2291 1245 2352 Lucas
1262 2312 1326 2353 non
1352 2312 1501 2374 compro·

239 2397 326 2457 bavit
359 2411 468 2457 contra
502 2397 605 2478 ipsum
640 2396 792 2457 Mathiam
826 2415 1031 2477 arcuparem,
1064 2397 1140 2477 quia
1172 2417 1236 2458 non
1269 2398 1374 2479 potuit
1398 2399 1502 2481 ipsum

239 2505 462 2585 comprobavit
487 2502 653 2579 Mathiam,
685 2502 851 2563 convictus
875 2501 945 2582 (est)
976 2517 1085 2562 contra
1111 2503 1250 2564 eundem
1284 2504 1437 2566 Mathiam
1471 2506 1502 2567 in

238 2611 313 2671 vivo
338 2610 502 2691 homagi0,
528 2609 603 2689 quia
629 2609 694 2690 ipse
721 2608 856 2669 Mathias
873 2609 1096 2689 comprobavit
1120 2628 1176 2690 per
1199 2610 1340 2674 seniores
1364 2610 1502 2690 judices;

239 2716 339 2796 ipsam
365 2734 492 2776 causam
518 2715 584 2796 ipse
613 2714 715 2775 Lucas
733 2714 907 2795 appellavit
931 2714 970 2775 ad
995 2715 1138 2776 seniores
1162 2715 1293 2794 judices.

345 2820 422 2881 item
447 2840 574 2881 causam
599 2819 781 2881 testamenti
800 2819 938 2880 condam
957 2818 1104 2901 Dyonisii
1123 2821 1231 2902 Rybar
1255 2835 1286 2882 et
1311 2821 1392 2882 inter
1408 2818 1502 2898 filios,

238 2925 337 2987 filiam
364 2941 394 2988 et
419 2927 562 2988 relictam
588 2926 688 3007 ipsius
712 2925 849 2986 condam
873 2925 1019 3006 Dyonisii
1039 2926 1134 3004 ribar,
1159 2926 1252 3007 jurati
1277 2925 1502 3006 adjudicarunt

239 3047 270 3093 et
295 3034 497 3109 invenerunt,
522 3032 611 3112 quod
637 3033 741 3113 ipsum
767 3045 992 3093 testamentum
1012 3051 1075 3092 non
1102 3046 1148 3093 est
1171 3030 1310 3111 firmum,
1334 3032 1389 3093 sed
1414 3031 1502 3113 quod

240 3138 298 3206 insi
325 3158 438 3199 omnes
462 3137 658 3199 unanimiter
689 3137 806 3198 debent
831 3138 955 3198 solvere
988 3137 1095 3199 debita
1122 3138 1221 3218 ipsius
1253 3138 1389 3199 condam
1416 3137 1501 3220 Dyo·

239 3246 309 3306 nisii
336 3246 375 3306 de
401 3246 494 3306 bonis
519 3260 548 3305 et
573 3245 830 3326 possessionibus
863 3244 973 3326 ipsius,
1009 3246 1151 3325 ecquod
1185 3245 1356 3327 persolutis
1387 3245 1503 3307 debitis

239 3351 298 3432 ipsi
324 3370 436 3412 omnes
460 3351 675 3411 communiter
699 3351 817 3411 debent
843 3351 925 3411 inter
957 3371 989 3411 se
1015 3351 1159 3412 dividere
1193 3352 1420 3433 possessiones,
1444 3352 1501 3414 sci·

238 3457 312 3518 licet
337 3456 393 3518 filii
419 3473 449 3518 et
474 3456 537 3517 filia
555 3456 698 3517 eiusdem
717 3457 876 3537 Dyonisii,
900 3456 939 3517 de
958 3456 1073 3518 debitis
1090 3458 1238 3520 videlicet
1261 3459 1405 3540 quinque
1422 3477 1498 3540 pen-

239 3582 346 3623 sarum
373 3564 470 3644 ipsius
495 3563 603 3623 relicte
629 3563 726 3644 ipsius
752 3563 910 3644 Dyonisii,
935 3564 1022 3645 quod
1048 3564 1114 3645 ipse
1141 3563 1315 3646 Dyonisius
1339 3566 1500 3627 commisit

239 3669 343 3731 eidem
363 3670 496 3735 solvere.
510 3669 634 3730 solvere
652 3684 765 3730 octavo
783 3670 853 3745 die;
877 3669 917 3730 de
934 3670 1005 3731 aliis
1023 3689 1098 3731 vero
1116 3670 1209 3732 bonis
1225 3691 1280 3753 per
1298 3673 1399 3752 ipsam
1417 3673 1499 3733 circa

241 3776 380 3838 eundem
405 3777 591 3859 apportatis,
610 3777 648 3836 ad
667 3790 822 3857 quantum
843 3775 945 3855 jurare
971 3776 1097 3858 poterit,
1126 3778 1213 3857 quod
1239 3778 1281 3838 ibi
1307 3778 1387 3838 circa
1413 3778 1499 3858 ipsos

239 3884 448 3966 consumpsit,
474 3883 576 3962 jurare
609 3884 780 3960 tenebitur,
812 3883 851 3942 ad
885 3883 979 3943 afiam
1013 3883 1192 3963 proximam
1226 3881 1363 3944 futuram
1389 3883 1500 3945 feriam

239 4006 360 4050 sestam
386 3991 491 4051 eidem
517 3988 772 4050 satisfaccionem
796 3989 981 4070 impendere
999 3992 1192 4050 tenebuntur
1217 3990 1285 4070 iege
1311 3991 1409 4072 ipsius
1424 3991 1500 4051 civi·

238 4096 312 4157 tatis
337 4097 530 4178 requirente,
557 4097 599 4156 ita
624 4111 742 4172 tamen,
767 4096 855 4177 quod
882 4116 945 4156 non
979 4096 1209 4157 obliviscantur
1233 4097 1374 4157 animam
1400 4097 1499 4178 ipsius

238 4203 334 4283 patris
360 4204 502 4284 ipsorum
529 4203 586 4284 ipsi
613 4201 668 4262 filii
692 4203 835 4263 eiusdem
862 4201 1018 4286 Dyonisii.

266 4402 360 4477 Feria
389 4416 486 4477 sexta
515 4405 668 4496 proxima
693 4419 769 4496 post
797 4407 918 4478 festum
948 4405 1035 4478 beati
1065 4407 1288 4478 Bartholomei
1319 4407 1473 4496 apostoli.

754 4563 818 4635 (25.
842 4562 982 4634 augusti).

346 4701 424 4762 item
449 4700 525 4780 quia
551 4699 727 4782 Elyzabeth
746 4719 877 4760 consors
895 4699 1059 4780 f'angracii
1079 4698 1300 4760 inhabitatoris
1324 4699 1406 4760 dicte
1424 4699 1500 4761 civi·

238 4808 313 4869 tatis
352 4821 463 4869 contra
495 4805 692 4868 Dorotbeam
723 4820 904 4868 consortem
923 4804 1070 4889 ,Physter
1109 4805 1214 4887 primo
1247 4806 1341 4867 citata
1372 4805 1501 4868 racione
