3488 5272
232 337 304 406 '1'1'4
605 319 806 404 Ann01456.
832 356 872 369 -
896 336 943 387 ll.
972 321 1131 386 decenibns.

239 538 318 601 feria
339 553 426 601 sexta
451 539 594 621 proxima
613 553 685 600 ante
711 537 825 600 festum
859 553 966 600 sancte
985 540 1122 600 Barbare
1148 538 1280 619 virginis
1303 557 1359 620 per
1383 537 1503 618 juratos

224 646 454 726 adjudicatam
472 659 503 707 et
526 665 582 727 per
600 646 705 727 ipsum
732 646 916 707 Ladislaum
934 646 973 707 de
991 645 1234 726 adjudicatione
1257 646 1400 727 ipsorum
1418 643 1502 725 jura·

237 766 344 814 torum
370 772 434 814 non
468 766 654 814 contentum
689 752 719 813 in
753 753 951 833 presenciam
987 753 1131 834 ipsorum
1163 752 1327 813 seniorum
1359 750 1501 831 judicum

238 878 297 940 pro
322 858 447 920 meliori
474 858 713 919 deliberacione
738 858 943 939 appellatam,
977 878 1016 920 eo
1041 858 1140 919 modo
1165 857 1443 938 adjudicaverunt,
1469 869 1503 916 ut

238 965 313 1046 quia
346 964 480 1046 predicti
507 966 610 1026 Lucas
643 977 673 1025 et
698 963 865 1025 Ladislaus
897 965 1039 1046 quodam
1073 967 1206 1026 sabbato
1231 983 1320 1024 sacro
1354 962 1503 1023 videlicet

238 1091 308 1133 sero
333 1085 364 1132 et
386 1092 487 1153 usque
513 1072 552 1133 ad
577 1071 721 1133 medium
758 1071 861 1133 noctis
886 1071 949 1131 diei
985 1071 1147 1132 dominice
1178 1090 1236 1152 pro
1261 1070 1336 1151 ipsis
1361 1068 1503 1150 pecuniis

238 1198 309 1239 cum
336 1177 453 1239 taxillis
477 1179 633 1255 luserunt,
659 1179 691 1238 in
716 1197 782 1259 quo
807 1177 891 1239 facto
913 1194 1022 1238 contra
1045 1179 1142 1239 deum
1160 1178 1265 1260 primo
1291 1191 1321 1238 et
1345 1176 1501 1257 principa·

237 1285 309 1346 liter
331 1298 362 1346 et
385 1284 517 1346 tandem
549 1299 658 1346 contra
684 1284 807 1345 animas
840 1304 952 1346 eorum
985 1304 1021 1345 ac
1045 1298 1279 1365 consequenter
1311 1297 1420 1344 contra
1445 1281 1502 1344 ho-

239 1411 350 1452 norem
383 1391 623 1452 communitatis
655 1404 874 1468 excesserunt‚
909 1391 982 1452 ideo
1015 1391 1115 1473 ipsam
1150 1391 1318 1472 pecuniam
1353 1388 1503 1449 videlicet

236 1497 390 1558 tredecim
416 1517 489 1558 cum
514 1496 620 1558 media
645 1516 760 1577 pensas
792 1497 1000 1559 denariorum
1030 1496 1254 1558 communitati
1277 1497 1363 1578 ipsos
1386 1495 1443 1557 toti
1470 1495 1501 1555 in

238 1621 313 1663 usus
337 1621 527 1663 communes
551 1615 581 1663 et
605 1602 645 1663 ad
671 1602 752 1665 lacta
771 1604 1012 1665 communitatis
1037 1604 1134 1685 recipi
1154 1602 1417 1684 adjudicaverunt
1442 1600 1501 1681 ipsi

237 1709 380 1769 seniores
404 1707 525 1788 judices
549 1727 607 1789 pro
632 1709 734 1790 prima
752 1710 954 1770 correccione
983 1729 1115 1786 eorum3
1140 1710 1165 1770 si
1182 1722 1289 1771 autem
1316 1707 1374 1788 ipsi
1401 1707 1502 1767 Lucas

241 1827 271 1874 et
296 1813 464 1874 Ladislaus
488 1814 627 1875 secunda
646 1815 696 1875 vel
720 1816 818 1876 tercia
836 1817 904 1876 vice
922 1816 953 1876 in
979 1815 1163 1877 huiusmodi
1181 1814 1337 1876 taxiludio
1362 1813 1499 1893 repperti

239 1917 367 1997 fuerint,
384 1918 468 2000 juxta
494 1921 698 2001 privilegium
724 1921 965 1983 communitatis
997 1922 1169 2003 punientur
1187 1934 1217 1983 et
1234 1920 1339 2003 puniri
1362 1918 1500 1994 debent;

237 2026 276 2089 de
310 2046 375 2108 quo
407 2026 528 2107 judicio
553 2040 584 2088 et
615 2027 860 2107 adjudicatione
893 2029 1034 2110 ipsorum
1069 2029 1231 2090 seniorum
1266 2026 1408 2108 judicum
1434 2027 1501 2107 ipse

239 2131 406 2192 Ladislaus
431 2151 495 2193 non
521 2147 690 2194 contentus
715 2134 889 2215 appellavit
923 2135 1058 2195 eandem
1093 2155 1219 2196 causam
1245 2136 1277 2196 in
1303 2135 1499 2217 presenciam

238 2236 369 2298 domine
396 2236 571 2298 Katherine
593 2240 765 2314 comitisse,
800 2239 931 2300 domine
957 2254 1063 2302 nostre
1095 2241 1249 2321 graciose,
1275 2261 1333 2321 pro
1358 2239 1445 2301 finali
1471 2252 1515 2319 et

237 2344 364 2405 meliori
388 2343 488 2424 ipsius
512 2363 605 2405 cause
630 2344 880 2406 deliberacione.

344 2449 422 2511 ltem
447 2451 523 2512 licet
551 2450 704 2511 Nicolaus
736 2450 821 2512 filius
853 2451 990 2511 condam
1016 2452 1178 2513 Valentini
1213 2453 1289 2513 dicti
1321 2452 1498 2531 Zlowenyn

237 2555 276 2615 de
302 2555 443 2636 Polyaua
480 2569 590 2616 contra
616 2556 764 2617 Vrsulam
789 2557 932 2617 relictam
958 2556 1095 2618 condam
1121 2557 1250 2639 Mathye
1274 2558 1383 2638 generi
1410 2557 1497 2638 olym

238 2660 372 2740 Georgii
398 2659 548 2742 Puchych
574 2682 679 2722 coram
706 2660 816 2740 juratis
839 2681 965 2722 causam
991 2682 1080 2722 suam
1100 2683 1137 2724 eo
1162 2663 1261 2724 modo
1286 2662 1499 2746 proposuerit,

238 2783 273 2829 ut
297 2767 437 2851 prelatus
461 2768 598 2829 condam
634 2768 779 2850 Mathyas
811 2768 913 2830 dictus
944 2769 1092 2852 Puchych
1126 2770 1249 2851 prefato
1275 2771 1412 2832 condam
1437 2771 1498 2831 Va·
1594 2816 1599 2823 -

238 2874 361 2935 lentino
387 2875 563 2955 Zlowenyn
591 2873 705 2933 lilillll
731 2874 799 2936 flor.
825 2875 892 2934 auri
911 2875 1069 2936 debitorie
1091 2876 1287 2956 obligaretur
1309 2891 1339 2937 ct
1363 2877 1394 2936 in
1413 2896 1499 2936 com·

239 2981 466 3060 probacionem
494 2980 591 3059 ipsius
608 2999 662 3038 suc
687 2980 920 3060 proposicionis
937 2982 1111 3060 quamdam
1129 2983 1367 3042 attestacionem
1395 2982 1498 3043 litera·

239 3087 353 3147 toriam
381 3086 479 3166 ipsius
506 3085 643 3145 condam
670 3085 800 3166 Mathye
818 3084 967 3167 Puchyclr
994 3102 1023 3146 ct
1051 3088 1147 3147 Marci
1175 3088 1350 3168 Nagonych
1376 3089 1433 3147 sub
1459 3088 1498 3146 si·

237 3193 317 3272 gillo
343 3192 450 3252 vicarii
477 3190 655 3251 confectam
681 3203 711 3250 et
729 3205 907 3252 emanatam
927 3206 1035 3252 contra
1063 3193 1163 3272 ipsam
1190 3193 1335 3253 Vrsulam
1355 3193 1497 3252 relictam

238 3299 312 3360 dicti
340 3299 469 3380 Mathye
495 3296 645 3378 l‘uchych
671 3299 702 3357 in
736 3299 933 3377 presenciam
960 3299 1135 3378 juratorum
1162 3317 1342 3361 nostrorum
1372 3300 1498 3360 moder-

238 3424 353 3465 norum
372 3404 532 3484 produxit,
552 3403 663 3463 volens
689 3403 789 3482 ipsam
809 3405 978 3484 pecuniam
1000 3407 1039 3464 ab
1066 3407 1131 3485 ipsa
1149 3406 1257 3466 relicta
1276 3406 1349 3466 dicti
1369 3405 1498 3486 Mathye

203 3512 207 3519 ’
238 3509 387 3591 Puchych
412 3510 583 3583 rehabere3
614 3522 720 3568 tamen
747 3510 821 3588 quia
848 3509 878 3569 in
916 3510 981 3591 ipsa
1008 3512 1213 3572 attestatione
1246 3513 1417 3572 literatoria
1444 3532 1499 3592 per

238 3615 341 3695 ipsum
361 3615 531 3675 Nicolaum
557 3632 664 3674 coram
683 3613 792 3690 juratis
810 3614 975 3694 producta,
995 3616 1051 3695 ipsi
1070 3615 1162 3693 jurati
1183 3618 1212 3677 in
1233 3619 1372 3698 pretorio
1390 3637 1496 3677 coram

237 3721 417 3781 senioribus
441 3720 601 3797 judicibus
633 3734 663 3778 ct
696 3718 805 3795 juratis
830 3740 865 3778 ac
890 3734 954 3781 tota
989 3722 1219 3782 communitate
1245 3724 1276 3783 in
1302 3723 1441 3802 generali
1468 3738 1498 3783 ct

237 3827 401 3887 communi
438 3825 557 3903 judicio
595 3825 626 3884 id
664 3825 855 3885 invenerunt
888 3825 1055 3901 contineri,
1093 3842 1125 3885 ut
1159 3829 1319 3907 predictus
1354 3829 1498 3908 Mathyas

238 3930 386 4014 Puchych
421 3932 507 4012 ipsos
528 3929 668 3990 florenos
700 3930 767 3988 auri
801 3930 938 3989 Jobanni
973 3930 1082 3989 'l'horlr
1107 3932 1192 3992 dicto
1225 3934 1263 3992 de
1290 3934 1497 3994 Zomzcdu’ar

238 4051 403 4119 tamquam
428 4036 648 4097 commissario
673 4048 703 4095 et
720 4035 881 4095 executori
899 4036 1080 4095 testamenti
1099 4036 1211 4116 prelati
1237 4039 1397 4098 Valentini
1425 4040 1496 4099 Zlo·

240 4164 356 4226 wenyn
376 4144 472 4225 patris
497 4143 595 4225 ipsius
623 4140 747 4201 Nicolai
774 4139 915 4219 plenarie
944 4141 1105 4220 persolvit.
1132 4142 1171 4202 Et
1195 4144 1268 4222 quia
1299 4145 1398 4204 eciam
1430 4148 1495 4225 ipsa

240 4251 354 4311 Vrsula
379 4250 485 4311 relicta
511 4248 622 4329 prelati
650 4246 777 4325 Mathyc
805 4243 952 4324 l’uchych
985 4247 1157 4324 quamdam
1184 4247 1308 4308 literam
1333 4250 1497 4329 expedito·

242 4357 321 4418 riam
353 4357 412 4417 sub
444 4355 550 4435 sigillo
583 4351 737 4413 lobannis
768 4350 859 4410 aliter
892 4350 993 4408 lanko
1018 4352 1133 4427 vocati,
1166 4354 1328 4413 castellani
1355 4356 1432 4415 alias
1457 4356 1495 4415 de

241 4462 463 4538 Zomzedwar,
489 4481 525 4521 ex
550 4457 778 4518 commissione
812 4455 910 4534 ipsius
942 4452 1096 4514 lobannis
1120 4455 1228 4515 Thorh
1255 4458 1431 4519 confectam
1467 4475 1496 4521 ct

239 4583 431 4646 emanatam,
463 4586 569 4629 coram
603 4565 710 4641 juratis
736 4562 766 4621 in
799 4560 904 4642 specie
936 4558 1098 4639 produxit,
1132 4562 1161 4620 in
1197 4582 1259 4641 qua
1294 4565 1324 4624 id
1358 4566 1497 4625 vidimus

239 4677 405 4754 contineri,
429 4673 516 4757 quod
551 4673 617 4755 ipse
642 4667 788 4751 Mathyas
820 4662 969 4745 Puchych
1002 4663 1161 4743 predictos
1195 4668 1308 4728 xrtrlll
1334 4670 1402 4730 flor.
1428 4671 1494 4731 auri

238 4782 362 4867 prelato
397 4780 535 4843 Jobanni
570 4776 743 4841 castellano
778 4769 920 4854 plenarie
956 4768 1129 4849 persolvit,
1165 4771 1297 4852 ipseque
1334 4775 1496 4837 lohannes
