3488 5272
244 296 308 353 410
625 284 711 339 Anno
741 295 832 360 1472.
855 317 900 326 -
916 297 973 360 3ο.
997 283 1125 343 octobn's.

317 533 408 606 ieris
440 549 535 608 sexta
574 537 727 626 proxima
766 550 840 628 post
880 540 1000 610 testum
1030 541 1118 610 beati
1151 541 1238 627 regis
1267 539 1436 627 Stephani.

763 696 822 769 (21.
847 695 988 768 augusti).

351 831 427 892 ltem
453 853 580 895 causam
608 834 689 895 inter
706 834 848 896 relictam
867 823 1037 916 Paukoycz
1062 847 1092 895 et
1109 834 1191 895 inter
1215 833 1405 915 Myrkonem
1424 832 1508 912 agri-

244 936 347 998 colam
373 939 500 1001 racione
526 941 756 1021 apreciacionis
789 941 954 1000 cuiusdam
980 953 1062 1001 terre
1095 939 1234 1017 arabilis,
1258 938 1351 1019 jurati
1378 939 1508 1000 invene·

244 1058 327 1121 runt,
351 1045 438 1125 quod
458 1046 523 1127 ipsa
540 1067 603 1107 non
622 1059 726 1128 potest
743 1049 783 1107 ab
802 1046 917 1107 eodem
942 1047 1098 1129 Myrkone
1113 1046 1253 1128 recipere
1272 1046 1372 1128 ipsam
1390 1058 1508 1106 terram

243 1169 410 1230 quousque
437 1153 503 1234 ipse
528 1154 684 1215 solusmet
708 1153 792 1214 colet
817 1154 917 1234 ipsam
943 1166 1071 1214 terram.

349 1275 425 1335 ltem
452 1296 577 1337 causam
605 1278 686 1339 inter
711 1277 863 1338 Mathiam
895 1278 1079 1361 Bukowzlty
1111 1276 1253 1338 nobilem
1279 1275 1319 1337 de
1345 1274 1506 1355 Marencz,

243 1392 277 1440 ut
300 1396 452 1460 actorem,
478 1398 507 1444 et
533 1384 613 1445 inter
639 1385 781 1445 Marcum
807 1383 1013 1464 jobagionem
1038 1383 1219 1460 decadem,
1244 1381 1347 1444 filium
1374 1382 1510 1461 Mathis,

242 1488 371 1548 racione
390 1489 653 1573 interempcionis
670 1490 831 1552 Valentini
850 1490 907 1551 filii
934 1491 1032 1572 ipsius
1050 1490 1168 1551 Mathie
1194 1490 1393 1571 Bulrowzky,
1409 1508 1508 1570 quem

242 1594 402 1656 interemit
428 1598 563 1659 Mathias
595 1598 787 1681 Sylkowycb
821 1599 861 1659 de
887 1597 1007 1675 Otholc,
1043 1598 1110 1679 ipse
1144 1598 1269 1658 Marcus
1293 1594 1397 1676 jurare
1420 1611 1508 1657 tene·

242 1700 327 1761 bitur
352 1703 595 1782 quintodecimo
614 1704 665 1764 die
692 1705 722 1764 in
741 1725 793 1766 aru
810 1718 917 1765 sancte
943 1703 1056 1765 Crucis
1082 1704 1113 1764 in
1132 1702 1263 1764 ecclesia
1281 1717 1388 1764 nostra
1406 1703 1507 1764 sancti

242 1807 340 1867 Marci
374 1809 404 1869 in
438 1830 488 1888 eo,
520 1812 632 1891 viginti
666 1812 810 1892 quinque
843 1811 988 1892 personis
1019 1811 1078 1871 sibi
1111 1808 1290 1887 similibus,
1326 1809 1415 1891 quod
1441 1809 1507 1891 ipse

242 1913 367 1975 Marcus
393 1937 429 1976 ex
463 1917 552 1978 nullo
585 1918 656 1978 zelo
686 1937 743 1978 nec
777 1917 972 1999 precogitata
1006 1916 1144 1993 malicia,
1176 1934 1234 1976 nec
1259 1928 1395 1976 mortem
1421 1915 1508 1996 cogi·

240 2020 339 2080 tando
365 2022 446 2083 velle
479 2043 551 2084 eum
585 2023 738 2085 Mathiam
773 2022 976 2106 Sylkowych,
999 2022 1114 2101 jurare,
1149 2021 1252 2102 ipsum
1285 2021 1507 2099 Valentinum,

241 2144 299 2186 nec
324 2127 426 2208 ipsum
454 2129 660 2190 Valentinum
685 2129 859 2190 alliciendo
884 2131 987 2210 ipsum
1013 2126 1200 2204 interficere,
1225 2127 1397 2189 tenebitur.

347 2250 424 2311 Item
450 2252 652 2336 Gasparycza
677 2253 780 2332 jurare
805 2254 964 2314 tenebitur
989 2267 1102 2313 octavo
1127 2251 1178 2312 die
1204 2250 1350 2312 datarum
1375 2271 1505 2334 presen-

241 2356 343 2434 cium,
376 2359 462 2438 quod
496 2361 562 2441 ipsa
595 2380 658 2420 non
692 2360 855 2420 remiserat
896 2359 1031 2420 lundum
1064 2377 1157 2419 suum
1191 2376 1328 2419 vacuum
1361 2358 1505 2419 condam

242 2463 335 2525 Petro
360 2466 481 2548 Zayecz
507 2483 636 2549 propter
661 2467 800 2549 dampna
825 2467 941 2528 domus
965 2466 1120 2528 eiusdem.

348 2589 424 2651 ltem
459 2592 657 2671 Margaretba
691 2592 799 2653 relicta
833 2592 932 2673 ipsius
964 2590 1100 2651 condam
1135 2589 1218 2650 Petri
1252 2589 1375 2672 Zayccz
1399 2587 1505 2669 jurare

240 2698 401 2758 tenebitur
418 2699 532 2760 eodem
547 2700 598 2760 die
616 2714 771 2780 quantum
791 2699 936 2780 exposuit
954 2698 1001 2758 vir
1017 2717 1092 2757 suus
1105 2715 1201 2778 super
1219 2695 1355 2756 eandem
1370 2696 1502 2756 domum

240 2823 330 2863 suam
356 2821 385 2865 et
411 2821 565 2886 quantum
592 2806 732 2887 dampna
756 2826 846 2888 passa
872 2818 937 2881 est3
970 2818 1000 2864 et
1025 2804 1101 2864 dum
1127 2802 1254 2883 jurabit,
1290 2816 1365 2863 tunc
1392 2802 1502 2886 Elyza·

242 2909 314 2969 beth
333 2912 492 2972 tenebitur
516 2913 639 2973 solvere
658 2912 796 2992 dampna
815 2925 970 2992 quantum
990 2909 1135 2990 exposuit
1150 2909 1216 2990 ipse
1236 2908 1373 2968 condam
1394 2908 1504 2969 Petrus

241 3031 269 3075 et
295 3016 360 3097 ipsa
386 3019 492 3079 relicta
524 3021 607 3080 l‘etri
633 3021 766 3102 Zayecz.

347 3143 422 3202 ltcm
448 3145 594 3204 terciario
621 3143 854 3225 proclamatum
880 3156 925 3202 est
943 3142 1070 3202 racione
1095 3155 1176 3201 terre
1193 3140 1322 3200 arabilis
1347 3154 1377 3200 et
1395 3138 1503 3200 fenilis

240 3246 377 3306 liliorum
406 3251 541 3309 condam
568 3251 647 3310 l'ero
666 3249 809 3325 Wolani,
835 3263 864 3309 et
883 3249 990 3308 nullus
1015 3268 1052 3308 ex
1078 3247 1122 3307 eis
1139 3246 1329 3326 comparuit,
1355 3264 1413 3306 nec
1431 3265 1502 3326 pro·

240 3368 364 3413 curator
389 3356 504 3434 aliquis
528 3376 585 3436 pro
611 3355 665 3433 eis,
688 3376 745 3415 nec
770 3355 901 3416 amicus.

347 3479 422 3538 ltcm
449 3499 528 3539 uror
554 3479 705 3560 Stephani
727 3479 866 3540 Bertbun
893 3493 1002 3540 contra
1019 3478 1220 3560 supradictos
1236 3477 1383 3539 terciario
1408 3475 1501 3537 citata

240 3605 303 3645 non
330 3588 519 3666 comparuit.

346 3694 421 3752 ltem
448 3714 527 3754 uxor
544 3696 633 3754 lurse
651 3694 790 3775 agricole
815 3693 919 3772 jurare
943 3692 1104 3754 tenebitur
1122 3691 1236 3752 eodem
1256 3690 1309 3752 die
1326 3690 1501 3768 terciamet,

239 3800 325 3880 quod
353 3802 417 3880 ipsa
445 3820 508 3860 non
535 3800 712 3861 diffamavit
745 3819 875 3861 uxorem
909 3800 1034 3860 Nicolai
1067 3799 1175 3879 generi
1203 3796 1418 3881 Zmolicbycz,
1444 3816 1502 3858 nec

239 3906 309 3966 aliis
334 3907 425 3966 malis
452 3907 555 3966 verbis
579 3906 693 3968 affecit,

327 4141 550 4214 Feriasexlu
581 4147 732 4231 proxima
763 4153 839 4214 unte
869 4145 990 4214 festum
1020 4143 1171 4213 Omnium
1201 4144 1410 4213 Sanctorum.

753 4303 817 4372 (30.
842 4297 982 4368 octobris).

345 4437 421 4497 ltem
447 4438 521 4518 quia
548 4437 744 4499 Cristolorus
776 4436 957 4517 gladiorum
985 4451 1135 4517 purgator
1171 4455 1243 4496 cum
1270 4448 1419 4496 consorte
1444 4453 1501 4495 sua

238 4544 345 4603 relicta
372 4545 508 4604 condam
536 4545 618 4605 l'etri
638 4545 790 4604 institoris
808 4542 1082 4624 Zayeczapameth
1103 4543 1220 4620 vocati,
1244 4542 1372 4603 racione
1390 4541 1501 4622 damp-

237 4670 364 4728 norum,
390 4672 453 4731 que
479 4653 617 4733 dampna
643 4652 752 4712 domui
780 4667 810 4712 et
834 4651 951 4711 celario
976 4650 1118 4711 eiusdem
1148 4649 1285 4710 condam
1312 4649 1393 4709 Petri
1412 4649 1499 4709 insti·

237 4758 314 4819 toris
339 4758 377 4817 de
404 4758 504 4818 t‘undo
541 4778 640 4820 vacuo
665 4774 694 4819 et
727 4758 853 4819 deserto
885 4757 993 4819 relicte
1025 4756 1162 4817 condam
1196 4756 1348 4837 Gssparis
1383 4755 1497 4817 literati
