3488 5272
612 257 699 314 Anao
722 267 810 332 1455.
836 287 877 297 -
902 249 954 314 28,
972 254 1132 330 februarii.

557 469 632 531 ltem
659 468 805 529 Thomas
828 466 978 549 frenipar.

555 576 632 637 Item
660 574 771 637 Petrus
796 572 951 636 Kathana.

557 682 633 743 Item
660 679 820 762 Georgius
844 693 945 741 sartor
967 699 1066 761 gener
1091 680 1230 763 Gerych.

555 788 633 850 ltem
659 785 812 849 Clemens
834 786 985 867 agricola.

554 894 632 955 ltem
656 893 814 955 Martinus
836 911 957 975 sporar.

555 1000 632 1061 ltem
657 998 841 1061 Anthonius
865 997 1053 1080 lutifigulus.

556 1107 634 1169 Item
658 1106 755 1189 Elyas
778 1117 877 1167 sutor.

559 1213 636 1274 ltem
662 1212 799 1274 lacobus
822 1224 922 1274 sutor.

556 1319 633 1380 ltem
659 1317 819 1399 Georgius
843 1330 932 1378 sutor
955 1317 1133 1400 Zelcyrych.

556 1425 633 1486 Item
659 1423 827 1506 Philippus
851 1436 939 1484 sutor
964 1423 1112 1506 Faytlyn.

559 1531 637 1593 ltem
661 1530 780 1592 Paulus
803 1543 901 1592 sutor.

557 1638 634 1700 ltem
660 1638 772 1699 Petrus
796 1636 924 1699 Barber.

555 1744 634 1807 Item
659 1742 821 1804 lohannes
845 1742 1036 1824 cingulator.

344 1869 422 1932 ltem
455 1866 596 1950 prefatus
627 1866 780 1929 Nicolaus
815 1866 910 1948 judex
935 1882 966 1927 et
989 1867 1082 1948 jurati
1112 1887 1184 1928 cum
1217 1866 1408 1929 consiliariis
1432 1885 1505 1927 curn

240 1996 397 2038 consensu
420 1989 451 2038 et
474 1974 670 2037 admissione
695 1993 729 2034 ac
755 1973 898 2034 unanimi
917 1993 952 2033 ac
970 1972 1121 2034 concordi
1139 1973 1304 2034 voluntate
1326 1985 1356 2033 et
1377 1971 1505 2033 decreto

239 2082 342 2145 tocius
370 2082 610 2143 communitatis
638 2080 747 2142 omnia
776 2080 901 2141 decreta
933 2094 1028 2161 atque
1053 2094 1168 2142 statuta
1200 2093 1265 2141 tam
1299 2080 1331 2141 in
1363 2078 1502 2161 presenti

240 2208 338 2270 quam
371 2188 401 2249 in
434 2187 574 2268 antiquis
605 2186 744 2247 laternis
775 2198 924 2247 contenta
960 2199 991 2248 et
1023 2186 1211 2268 conscripta,
1248 2184 1355 2267 quoad
1393 2203 1507 2246 omnes

241 2294 409 2372 clausulas,
441 2308 557 2375 puncta
584 2306 614 2354 et
638 2292 788 2353 articulos
817 2292 1004 2353 eorumdem
1030 2306 1221 2354 statutorum
1247 2306 1277 2355 et
1301 2292 1504 2354 decretorum

240 2420 296 2483 per
319 2414 423 2462 totum
448 2419 567 2461 annum
593 2399 747 2481 presentis
770 2398 929 2479 judicatus
954 2399 1053 2480 ipsius
1070 2399 1196 2461 Nicolai
1222 2399 1336 2481 judicis
1360 2418 1395 2460 ac
1413 2398 1505 2459 dein·

241 2526 315 2589 ceps
344 2526 399 2589 per
423 2519 526 2567 totum
553 2525 672 2566 annum
698 2518 728 2566 et
745 2518 977 2586 consequenter
1002 2504 1070 2585 jure
1095 2519 1251 2587 perpetuo
1268 2519 1298 2567 et
1316 2504 1508 2566 irrevocabi-

241 2614 313 2675 liter
336 2611 565 2675 confirmarunt
590 2630 716 2693 semper
738 2611 873 2672 valitura
898 2626 928 2671 et
952 2610 1083 2673 firmiter
1108 2612 1317 2674 observanda.

347 2721 424 2782 ltem
439 2740 531 2781 causa
546 2720 627 2780 inter
641 2718 793 2780 Cosmam
806 2718 1061 2779 barbitonsorem
1076 2733 1107 2779 et
1120 2719 1201 2780 inter
1212 2718 1396 2800 Philippum
1407 2717 1506 2778 servi·

243 2841 346 2888 torem
371 2826 509 2887 Emerici
529 2823 696 2906 freniparis
721 2843 778 2905 pro
803 2844 879 2905 pace
897 2822 1002 2884 fienda
1027 2824 1066 2884 ad
1085 2824 1223 2905 primum
1251 2824 1408 2905 judicium
1433 2842 1506 2906 pro·

244 2935 327 2995 xime
352 2952 521 2993 occurrens
546 2951 600 3013 per
633 2931 826 3013 peticionem
860 2933 1035 3012 proborum
1060 2931 1202 2991 virorum
1236 2946 1283 2991 est
1306 2931 1508 3012 prolongata.

350 3041 428 3101 ltem
455 3039 572 3099 Paulus
597 3052 685 3098 sutor
710 3037 895 3120 Werychyn
914 3039 1013 3099 tercio
1038 3058 1070 3098 se
1095 3038 1240 3119 personis
1264 3038 1323 3098 sibi
1348 3036 1509 3097 similibus

245 3145 321 3207 feria
347 3159 432 3208 sexta
459 3145 601 3227 proxima
635 3159 707 3225 post
731 3157 875 3205 octavam
909 3144 1005 3205 Pasce
1032 3143 1155 3204 domini
1189 3158 1296 3204 contra
1324 3142 1509 3224 Philippum

245 3267 384 3315 sutorem
404 3253 434 3313 in
454 3251 586 3312 ecclesia
612 3252 694 3312 beati
715 3251 811 3311 Marci
831 3252 1037 3330 ewangeliste
1054 3271 1149 3331 super
1167 3270 1253 3311 aram
1271 3264 1377 3311 sancte
1396 3248 1510 3311 Crucis

246 3380 301 3442 per
332 3359 609 3438 adjudicacionem
643 3357 818 3436 juratorum
852 3357 955 3437 jurare
989 3358 1149 3417 tenebitur
1182 3377 1276 3438 super
1301 3377 1351 3434 e0,
1383 3370 1417 3417 ut
1442 3356 1508 3436 ipse

247 3467 365 3528 Paulus
396 3481 484 3526 sutor
516 3484 579 3525 non
613 3464 787 3524 combussit
820 3483 877 3524 nec
903 3461 977 3524 iecit
1009 3465 1196 3524 comburere
1228 3463 1385 3524 lcoucham
1411 3461 1510 3545 ipsius

248 3572 385 3653 Philippi
412 3570 527 3631 sutoris
551 3571 649 3650 vulgo
674 3570 880 3651 nalewnycza
904 3583 1060 3629 vocaturn.

352 3678 429 3738 ltem
455 3676 616 3737 lohannes
640 3675 777 3736 carnifex
795 3675 942 3736 similiter
966 3675 1064 3737 tercio
1089 3696 1120 3735 se
1139 3676 1283 3757 personis
1300 3677 1412 3737 eadem
1430 3673 1508 3737 feria

246 3797 332 3846 sexta
358 3783 502 3864 proxima
528 3796 598 3863 post
631 3797 775 3842 octavam
802 3782 898 3841 Pasce
931 3781 1053 3841 domini
1080 3781 1183 3860 jurare
1216 3783 1375 3842 tenebitur
1400 3795 1508 3843 contra

247 3889 421 3952 Martinum
446 3888 584 3967 judicem
610 3907 771 3969 supereo,
797 3908 852 3969 per
876 3887 1153 3966 adiudicacionem
1171 3888 1359 3969 juratorum,
1384 3903 1418 3950 ut
1443 3889 1509 3970 ipse

248 3997 410 4059 lohannes
426 3993 565 4056 carnifex
592 4013 655 4055 non
673 3995 773 4056 secuit
791 3995 1104 4056 circumduccionem
1122 4015 1177 4056 seu
1202 3995 1508 4076 circumsepcionem

247 4105 410 4187 spinarum
437 4114 468 4164 et
492 4103 603 4162 rubeta
635 4101 799 4181 spinarum
833 4102 863 4161 in
894 4118 974 4162 terra
1007 4102 1144 4162 condam
1170 4101 1297 4162 Thome
1324 4101 1454 4183 Czagan
1480 4114 1510 4162 et

248 4209 402 4272 heredum
427 4227 558 4269 suorum
583 4221 612 4268 et
638 4207 668 4267 in
694 4208 899 4288 pertinenciis
921 4208 1064 4269 eiusdem
1089 4221 1170 4269 terre
1195 4207 1388 4269 habitorum.

382 4376 477 4450 Feria
506 4386 603 4450 sexta
631 4380 783 4466 proxima
817 4386 891 4466 post
920 4386 1076 4450 octavam
1106 4378 1209 4449 Pasce
1237 4378 1377 4448 Domini.

778 4511 844 4590 (18.
869 4513 999 4593 aprilis).

357 4637 434 4699 ltem
461 4635 578 4698 Paulus
602 4649 691 4697 sutor
714 4634 900 4718 Werychyn
933 4634 1148 4714 juramentum
1174 4636 1233 4696 sibi
1259 4637 1358 4697 tercio
1383 4657 1415 4698 se
1440 4657 1510 4718 pcr-

251 4744 339 4807 sonis
370 4743 553 4825 nuperrime
578 4761 633 4823 per
665 4741 785 4822 juratos
815 4740 1032 4820 adjudicatum
1062 4739 1158 4802 hodie
1190 4756 1300 4804 contra
1326 4743 1509 4825 Philippum
