3488 5272
237 289 301 368 496
642 284 848 365 Ann01480.
874 321 915 329 -
941 286 991 348 16.
1008 291 1100 363 junii.

240 502 306 561 anri
333 515 363 561 et
387 499 600 580 quarumdam
626 500 785 561 literatum
819 499 1090 580 expeditoriarum
1109 499 1200 576 jurati
1226 500 1506 578 adjudicaverunt,

240 627 275 667 ex
302 626 367 687 quo
394 606 511 666 Paulus
536 603 674 686 prefatus
696 605 789 685 judex
808 621 917 666 contra
943 606 1063 666 dictum
1082 605 1261 667 lohannem
1280 604 1506 688 Soldynarych

239 712 423 774 testificatus
448 726 504 788 est,
522 711 609 791 quod
637 712 720 772 idem
741 711 963 794 Soldynarych
981 731 1036 792 per
1055 712 1289 791 negligenciam
1306 730 1397 772 suam
1415 730 1506 772 com·

240 820 428 880 munitatem
456 819 486 878 in
512 818 742 899 septemdecim
768 817 837 879 flor.
856 816 1106 899 dampnificavit,
1132 818 1205 878 ideo
1230 817 1446 878 communitas
1464 817 1505 878 de

241 925 326 986 dicto
363 924 472 985 debito
505 923 599 984 haber
631 925 766 984 retinere
792 924 902 985 decem
929 940 958 984 er
992 938 1113 1004 septem
1138 923 1207 984 flor.
1232 924 1311 1000 auri,
1336 923 1504 984 residuum

240 1052 315 1093 vero
338 1031 433 1092 simul
459 1051 531 1091 cum
550 1029 680 1112 prefatis
696 1031 795 1092 literis
819 1030 1026 1112 expeditoriis
1041 1030 1145 1091 eidem
1169 1030 1306 1091 lohanni
1324 1030 1504 1107 restituere,

240 1139 371 1220 ipseque
397 1138 435 1198 de
461 1137 543 1198 dicta
569 1137 704 1218 pecunia
723 1137 936 1198 mercenarios
959 1137 1079 1196 scilicet
1096 1138 1330 1218 campanatoris
1346 1151 1404 1197 ete.
1422 1151 1507 1198 tern-

239 1265 316 1326 pore
342 1244 498 1321 judicatus
523 1243 569 1302 sui
589 1243 643 1322 qul
669 1243 846 1304 servierunt
864 1243 958 1304 debet
976 1256 1178 1314 contentare;
1204 1263 1239 1304 ea
1258 1242 1504 1325 adjudicacione

240 1352 360 1412 scilicet
384 1371 441 1431 pro
467 1350 560 1410 dictis
583 1349 668 1409 XVll
694 1350 763 1411 flor.
793 1349 895 1410 dictus
921 1348 1143 1431 Soldynarych
1177 1369 1240 1410 non
1267 1362 1436 1410 contentus
1463 1348 1504 1410 ad

238 1458 379 1518 seniores
404 1457 525 1536 judices
550 1456 734 1537 appellavit.

345 1563 448 1625 Causa
476 1564 557 1623 inter
583 1561 774 1623 Michaelem
800 1562 988 1646 Oprasnycb
1014 1577 1044 1624 et
1070 1563 1205 1622 Paulum
1231 1560 1428 1622 aurifabrum
1455 1580 1504 1621 ra-

240 1672 331 1731 cione
356 1670 589 1749 vituperiorum
615 1682 645 1730 et
671 1666 904 1745 infamacionis,
937 1669 1028 1746 jurati
1063 1668 1339 1746 adjudicaverunt,
1372 1685 1409 1726 ex
1435 1685 1503 1747 quo

238 1777 379 1860 prefatus
404 1777 522 1837 Paulus
546 1775 706 1836 aurifaber
731 1776 789 1855 ipsi
817 1774 965 1836 Michaeli
1000 1775 1138 1836 eundern
1165 1774 1377 1855 vituperando
1403 1772 1501 1833 dixit:

239 1885 327 1966 quod
353 1885 415 1944 eris
439 1884 519 1944 latro
545 1897 575 1943 et
600 1901 664 1942 non
690 1882 785 1942 dixit:
805 1902 837 1942 es
862 1882 952 1957 latro,
978 1883 1062 1943 idem
1090 1882 1208 1942 Paulus
1241 1882 1325 1941 dicto
1350 1879 1502 1941 Michaeli

238 1993 268 2052 in
296 1992 406 2051 decern
432 1990 538 2070 pensis
570 1989 775 2048 denariorum
808 1989 974 2048 convictus
1005 1988 1150 2064 habetur,
1183 1987 1342 2058 iudicibus
1370 2004 1446 2046 vero
1473 2000 1504 2046 et

239 2098 348 2177 juraris
374 2098 403 2157 in
431 2112 557 2156 centum
584 2095 739 2169 denariis;
766 2094 883 2155 Paulus
909 2114 972 2155 non
998 2108 1166 2155 contentus
1187 2113 1314 2154 eausam
1342 2094 1443 2173 ipsam
1462 2092 1503 2153 ad

239 2204 381 2265 seniores
407 2202 527 2280 judices
552 2200 735 2282 appellavit.

346 2308 449 2369 Causa
476 2309 556 2368 inter
582 2307 779 2386 Stephanum
805 2306 953 2384 juratum,
972 2306 1165 2386 selliparem,
1194 2319 1224 2367 et
1249 2305 1402 2366 Jacobum
1430 2303 1503 2365 lak-

239 2415 388 2496 cbewycb
415 2415 541 2474 racione
568 2413 733 2473 cuiusdam
759 2414 849 2490 silve,
885 2413 975 2489 jurati
1002 2412 1278 2490 adjudicaverunt,
1303 2410 1390 2490 quod
1417 2410 1502 2471 Nesa

239 2542 328 2582 soror
365 2521 500 2580 condam
528 2521 668 2602 lalsycza
703 2519 1064 2601 Charantbowchyehne
1097 2519 1191 2579 debet
1224 2518 1385 2596 deponere
1418 2515 1501 2595 jura·

240 2643 382 2688 meorum
409 2627 475 2686 sola
501 2645 595 2706 super
619 2645 704 2685 aram
724 2626 753 2684 in
774 2646 823 2702 eo,
845 2626 931 2705 quod
951 2626 1087 2685 lacobus
1105 2623 1315 2705 Jaltchewych
1335 2636 1380 2683 est
1397 2636 1427 2683 et
1442 2621 1502 2682 fuit

238 2733 342 2793 affinis
367 2748 396 2792 et
426 2732 683 2810 consanguineus
708 2731 790 2791 dicte
820 2731 961 2811 Jalsycza
992 2729 1365 2811 Charanthowcbychne,
1391 2728 1501 2807 sicque

240 2839 380 2919 prefatus
406 2837 615 2918 falchenycb
642 2835 793 2917 prefatam
813 2837 925 2897 silvam
944 2837 1120 2910 obtinebit;
1146 2837 1241 2896 debet
1265 2850 1371 2895 autem
1397 2833 1502 2912 jurare

240 2947 321 3006 dicta
348 2945 462 3005 mulier
489 2944 564 3003 feria
590 2958 674 3003 sexta
701 2944 844 3022 proxime
871 2957 1012 3003 ventura.

346 3053 450 3111 Causa
478 3052 558 3110 inter
576 3050 753 3109 lobannem
778 3049 1000 3130 Soldynaryeb
1028 3063 1057 3108 et
1076 3048 1218 3108 nobilem
1237 3047 1407 3108 Nicolaum
1428 3046 1505 3106 lwa-

241 3158 375 3237 norrycb
413 3157 539 3216 racione
578 3157 789 3236 quarumdam
828 3157 991 3215 literarum
1024 3155 1199 3234 regalium,
1236 3155 1310 3233 quia
1344 3152 1506 3213 lohannes

242 3261 462 3342 Soldynatycb
488 3263 593 3321 literas
625 3263 727 3340 regias
760 3282 837 3340 quas
863 3263 1014 3321 Nicolaus
1048 3260 1248 3343 lwanowych
1283 3263 1341 3320 sub
1367 3260 1502 3341 disposi-

240 3367 331 3426 cione
350 3369 435 3446 pacis
453 3384 481 3427 et
507 3368 678 3427 concordie
704 3381 733 3426 et
751 3367 875 3426 termini
897 3368 953 3447 ipsi
981 3368 1152 3427 concordie
1183 3368 1407 3447 deputatorum
1428 3386 1502 3446 pre·

241 3474 371 3553 scriptas
397 3474 502 3532 literas
528 3475 628 3551 regias
655 3473 746 3532 falsas
764 3475 904 3553 appellat
929 3488 958 3533 et
984 3489 1092 3532 contra
1111 3473 1248 3532 eundem
1277 3472 1451 3553 impertivit
1471 3473 1501 3532 in

240 3581 300 3639 boc
325 3594 433 3638 contra
460 3581 597 3638 eundern
624 3580 801 3640 lobannem
830 3579 902 3639 fecit
932 3580 1101 3640 infideliter
1126 3600 1234 3659 agens,
1260 3579 1351 3657 jurati
1377 3578 1503 3657 adjudi-

240 3700 390 3747 caverunt
417 3686 481 3744 visa
507 3686 577 3745 data
605 3686 758 3745 dictarum
786 3687 959 3761 literarum,
985 3688 1070 3766 quod
1099 3688 1183 3746 iuxta
1209 3687 1336 3746 easdem
1363 3686 1501 3746 eundem

241 3793 425 3853 reconvenit
451 3806 480 3850 et
505 3812 536 3850 se
563 3805 646 3850 recte
680 3794 778 3866 disit;
810 3793 863 3852 sed
898 3793 984 3872 quod
1011 3794 1148 3852 eundem
1183 3793 1213 3851 in
1240 3794 1315 3853 sede
1340 3792 1503 3869 judiciaria

244 3917 306 3956 non
334 3898 503 3957 bonoravit
528 3912 558 3956 et
584 3898 682 3957 eciam
710 3900 817 3958 sedern
846 3899 918 3958 ideo
952 3900 1007 3980 ipsi
1036 3899 1171 3958 Nicolao
1205 3900 1235 3957 in
1261 3900 1372 3979 viginti
1398 3899 1504 3979 pensis

242 4003 446 4063 denariorum
485 4004 649 4064 convictus
686 4005 819 4064 liabetur
853 4019 882 4063 et
919 4007 1013 4082 judici
1040 4026 1111 4064 cum
1150 4007 1258 4082 juratis
1291 4006 1321 4064 in
1359 4005 1504 4065 ducentis

241 4110 486 4184 viennensibus;
513 4132 574 4191 arua
600 4109 841 4188 adjudicatione
870 4127 1001 4191 uterque
1030 4134 1091 4173 non
1111 4127 1280 4172 contentus
1305 4112 1342 4172 ad
1363 4113 1505 4172 seniores

241 4214 361 4293 iudices
386 4217 638 4296 appellaverunt.

347 4321 471 4380 Tamen
507 4322 590 4380 idem
626 4321 776 4382 Nicolaus
809 4340 879 4379 curn
914 4322 1017 4397 judice
1052 4326 1136 4384 illios
1169 4326 1242 4383 anni
1281 4326 1503 4406 comprobavit

242 4427 328 4505 quod
355 4429 551 4505 procuratori
580 4427 677 4506 ipsius
703 4429 786 4487 idern
806 4426 967 4487 lohannes
986 4430 1145 4510 Soldynar
1172 4447 1218 4491 rer
1244 4432 1356 4491 citatus
1374 4450 1500 4512 respon-

242 4532 315 4591 dere
342 4533 443 4591 noluit
470 4534 560 4592 nullo
585 4534 683 4592 modo

348 4637 451 4698 Causa
487 4639 567 4697 inter
601 4638 740 4698 Blasium
775 4638 972 4721 Zthenychki
1007 4655 1036 4700 et
1070 4641 1248 4703 lohannem
1283 4643 1502 4728 Soldynarych

243 4745 370 4804 racione
395 4745 559 4805 cuiusdam
586 4743 696 4821 debiti,
722 4745 826 4825 primo
851 4748 964 4806 citatus
990 4766 1052 4806 non
1080 4750 1268 4828 comparuit.
