3488 5272
757 531 958 592 Dominicus.

757 637 942 720 Dyonisius.

757 745 962 808 Benedictus.

758 852 914 935 Filippus.

758 958 914 1023 Thomas.

757 1066 889 1132 Blasius.

754 1172 887 1235 Blasius.

758 1277 934 1360 Philippus.

756 1384 883 1446 Paulus.

760 1491 921 1553 Luchacb.

335 1707 411 1767 ltem
438 1704 551 1787 prelati
574 1704 726 1765 Nicolaus
751 1703 845 1783 judex
871 1720 901 1766 et
929 1704 1033 1783 jurati,
1057 1706 1245 1785 consiliarii,
1270 1726 1306 1767 ex
1332 1725 1491 1766 consensu

230 1828 260 1874 et
285 1813 478 1874 admissione
504 1826 534 1872 et
567 1811 710 1872 unanimi
736 1831 771 1872 ac
800 1811 951 1873 concordi
984 1813 1150 1873 voluntate
1174 1833 1210 1873 ac
1235 1812 1363 1873 decreto
1391 1813 1493 1873 tocius

229 1919 470 1981 communitatis
494 1918 602 1978 omnia
639 1917 764 1978 decreta
798 1933 827 1978 et
859 1928 973 1979 statuta
1006 1933 1070 1980 tam
1104 1919 1135 1980 in
1162 1920 1298 1999 presenti
1332 1939 1427 2000 quam
1462 1919 1491 1978 in

229 2025 370 2106 antiquis
394 2023 530 2085 caterois
553 2035 702 2084 contenta
733 2038 763 2084 et
788 2025 903 2105 scripta
926 2025 1033 2105 quoad
1053 2045 1165 2086 omnes
1193 2025 1355 2103 articulos,
1379 2039 1494 2106 puncta

229 2147 258 2193 et
284 2130 443 2192 clausulas
467 2129 656 2190 eorumdem
683 2143 872 2191 statutorum
898 2145 929 2191 et
954 2131 1154 2193 decretorum
1180 2151 1235 2212 per
1252 2144 1355 2192 totum
1372 2151 1492 2192 annum

229 2239 383 2321 presentis
400 2237 558 2315 judicatus
576 2237 674 2318 ipsius
693 2237 816 2298 Nicolai
842 2237 955 2317 judicis
973 2253 1003 2299 et
1025 2251 1259 2320 consequenter
1283 2258 1319 2298 ac
1343 2237 1494 2318 deinceps

228 2345 295 2426 jure
328 2358 484 2426 perpetuo
520 2358 550 2403 et
591 2343 842 2404 irrevocabiliter
874 2343 1104 2407 confirmarunt
1139 2364 1265 2426 semper
1297 2345 1431 2405 valitura
1463 2357 1494 2405 et

229 2450 361 2512 firmiter
384 2448 593 2510 observanda.

337 2556 413 2616 ltem
446 2574 539 2615 causa
571 2555 652 2616 inter
676 2554 886 2616 Benedictum
920 2570 950 2616 et
984 2557 1156 2618 Martinam
1188 2557 1339 2638 judicem,
1369 2570 1402 2617 ut
1434 2555 1493 2636 ipsi

232 2662 271 2723 ad
308 2661 442 2744 primam
475 2661 583 2722 sedem
616 2660 815 2741 judiciariam
841 2681 1026 2744 comparere
1059 2662 1197 2725 debeant
1229 2678 1259 2725 et
1291 2664 1398 2725 literas
1422 2683 1494 2723 suas

231 2782 302 2829 ante
327 2782 454 2850 portare
480 2768 628 2845 debeant,
653 2782 683 2828 et
708 2768 816 2828 omnia
842 2767 909 2847 iura
935 2788 1046 2830 eorum
1073 2770 1262 2850 producant.

337 2875 414 2936 ltem
440 2874 532 2954 jurati
558 2873 822 2954 adjudicaverunt
848 2875 929 2935 inter
954 2875 1162 2937 Thomascbo
1188 2876 1337 2954 iuratum,
1362 2878 1493 2952 abana,

233 2998 262 3043 et
288 2982 415 3044 Benche
441 2997 471 3042 et
495 2981 656 3042 Andream
683 3002 740 3042 nec
766 3001 830 3041 non
850 2981 1063 3043 Laurencium
1089 2998 1120 3043 et
1146 2984 1264 3044 Lucam
1292 2984 1421 3061 juratos,
1447 3004 1493 3044 ra·

233 3090 324 3150 tione
350 3088 585 3149 verberationis
609 3087 753 3148 eiusdem
779 3087 908 3148 Thome
926 3108 1020 3169 super
1044 3108 1094 3167 eo,
1119 3091 1207 3170 quod
1226 3091 1283 3171 ipsi
1310 3091 1395 3151 idem
1424 3090 1494 3151 illas

233 3196 393 3256 cicatrices
418 3209 447 3254 et
471 3194 592 3254 cruoris
617 3193 806 3254 etlusionem
835 3213 930 3275 super
961 3194 1075 3256 eodem
1102 3196 1309 3257 Thomascbo
1335 3196 1492 3272 fecissent,

230 3318 259 3362 et
275 3322 369 3383 super
383 3301 442 3361 hoc
457 3300 586 3360 debebit
604 3300 764 3380 (quilibet)
781 3301 1006 3361 secundusmet
1024 3300 1237 3375 juramentum
1256 3317 1394 3384 prestare
1420 3317 1490 3382 post

230 3423 374 3468 octavam
401 3405 518 3466 l'ascbe
544 3404 620 3466 feria
646 3420 730 3466 sextu
749 3407 911 3485 prosima3
937 3406 976 3466 de
1001 3427 1066 3487 quo
1092 3408 1211 3482 iudicio
1229 3428 1293 3468 noo
1319 3422 1488 3470 contentus

231 3514 406 3595 appellavit
431 3513 469 3573 ad
503 3513 644 3572 seniores
667 3512 789 3591 judices
820 3526 849 3573 et
874 3513 970 3573 simili
997 3512 1095 3573 modo
1128 3514 1273 3575 Andreas
1298 3530 1327 3575 et
1353 3514 1491 3576 Benrbe.

340 3620 415 3680 ltem
441 3619 529 3700 quod
554 3617 675 3697 judices
700 3634 953 3699 prorogaverunt
972 3619 1052 3680 inter
1077 3620 1267 3681 Michaelem
1294 3621 1491 3681 bakalariom

231 3746 288 3807 pro
314 3725 476 3785 morderio
509 3745 627 3806 cupreo
659 3725 801 3786 eiusdem
839 3739 870 3786 et
899 3726 1040 3786 Marcum
1075 3727 1255 3788 carnificem
1289 3728 1328 3787 ad
1354 3728 1491 3808 primum

230 3833 466 3909 consistorium,
491 3832 578 3912 quod
604 3832 801 3894 morderium
827 3833 912 3895 idem
939 3834 1065 3894 Marcus
1095 3834 1189 3894 babet
1212 3848 1348 3894 statuere
1374 3833 1494 3910 judicio

231 3939 271 3998 ad
296 3939 532 3999 consistorium.

337 4044 414 4105 ltem
438 4046 526 4126 quod
552 4045 738 4107 Thomasco
763 4047 883 4107 dimisit
914 4047 1126 4108 Laurentium
1152 4047 1318 4129 pacificum
1344 4067 1380 4107 ac
1404 4048 1494 4126 quie·

231 4166 298 4212 turn
323 4152 455 4213 dimisit.

341 4258 417 4318 ltem
445 4258 535 4334 jurati
555 4273 807 4340 prorogaverunt
826 4259 907 4320 inter
926 4259 1084 4321 Hachium
1110 4276 1140 4320 et
1158 4260 1336 4320 iohannem
1356 4258 1492 4320 Borsach

232 4365 360 4426 racione
386 4364 601 4445 dampnorum
621 4365 766 4426 Hahacio
783 4364 946 4427 illatorum
973 4367 1129 4447 usquead
1150 4366 1260 4427 feriant
1285 4382 1403 4429 sertam
1423 4383 1494 4449 post

232 4485 376 4532 octavam
404 4471 533 4547 l’asclre,
566 4486 600 4532 ut
625 4472 682 4553 ipsi
715 4474 812 4535 ambo
841 4472 1020 4554 producant
1051 4473 1232 4534 testimonia
1258 4494 1323 4555 quo
1358 4475 1491 4536 meliora

232 4592 375 4660 possunt.

339 4684 417 4746 ltem
436 4684 529 4762 jurati
547 4684 812 4765 adjudicaverunt
834 4704 964 4749 causam
982 4687 1064 4748 inter
1081 4685 1257 4769 Georgium
1276 4687 1493 4750 lelovrochich

232 4807 262 4853 et
288 4793 416 4853 l'etrum
436 4791 679 4874 rhlortulanum,
703 4807 737 4855 ut
755 4792 893 4856 inclinus
916 4793 1060 4855 eiusdem
1086 4793 1168 4857 l‘etri
1193 4793 1333 4857 ortulani
1358 4795 1491 4857 nomine
