3488 5272
242 342 282 401 54
645 322 843 399 Ann01453.
869 354 909 363 -
935 316 985 380 18.
1009 321 1089 381 maci'.

240 532 474 596 informacione
499 535 616 596 sororis
642 533 739 616 ipsius
764 532 930 594 Michaelis
959 533 991 592 in
1025 544 1092 592 arte
1116 531 1262 608 textoria,
1294 529 1385 592 uxori
1410 529 1501 610 legit·

239 641 316 702 time
342 641 507 703 Benedicti
533 640 666 723 Agnych
692 641 723 701 in
754 639 859 721 specie
884 639 973 700 dedit
993 640 1060 720 ipse
1078 635 1266 720 Gregurych
1283 637 1387 699 adhuc
1404 638 1503 715 solus,

241 748 338 808 aliam
363 762 470 808 autem
502 747 708 808 medietatem
742 746 885 808 eiusdem
919 745 1000 807 milii
1031 745 1114 806 idem
1149 743 1334 826 Gregurycz
1359 743 1504 805 vendidit

242 868 271 915 et
295 854 448 936 pecunias
461 874 518 936 pro
533 853 651 935 quibus
668 852 813 915 vendidit
830 850 950 934 prefate
966 852 1054 912 uxori
1073 851 1172 933 ipsius
1186 851 1351 913 Benedicti
1368 849 1503 933 Agnych

240 980 298 1042 pro
324 960 436 1020 eadem
455 957 686 1021 informacione
705 959 804 1040 ipsius
827 958 945 1020 sororis
970 957 1046 1019 dicti
1065 956 1231 1018 Michaelis
1247 957 1411 1039 persolvit,
1429 957 1503 1018 ideo

240 1086 299 1128 nos
322 1065 461 1128 eundem
487 1065 685 1148 Stephanum
711 1066 888 1127 institorem
914 1084 1009 1147 super
1037 1064 1199 1146 premissis
1222 1063 1279 1126 Xll
1305 1064 1504 1144 quartalibus

240 1173 321 1234 milii
347 1172 546 1234 reddidimus
571 1171 638 1234 lore
663 1172 848 1254 expeditum
877 1186 907 1233 et
932 1171 1089 1252 quietum.

346 1280 423 1341 ltem
450 1280 553 1340 lucas
576 1278 697 1340 Arland
731 1279 835 1340 dictus
867 1291 977 1340 contra
1006 1278 1150 1339 Marcum
1183 1277 1328 1339 villicum
1361 1277 1504 1340 Abbacie

241 1387 331 1446 beate
357 1385 457 1447 Marie
483 1385 615 1466 virginis
639 1385 780 1447 secundo
805 1386 919 1446 citatus
942 1404 1005 1446 non
1032 1383 1222 1465 comparuit.

347 1493 424 1554 ltem
451 1492 544 1573 jurati
579 1512 706 1554 causam
743 1493 825 1553 inter
849 1492 1048 1553 Demetrium
1082 1510 1222 1553 rasorem
1257 1509 1438 1573 pannorum
1472 1504 1503 1552 et

241 1600 322 1660 inter
349 1598 489 1660 Blasium
524 1599 730 1681 Kurmanych
756 1613 789 1658 nt
813 1612 945 1676 actores,
977 1613 1008 1658 et
1033 1598 1113 1659 inter
1145 1596 1338 1678 Gregorium
1364 1597 1503 1679 juratum

240 1706 341 1767 filium
368 1705 508 1787 Philippi
535 1706 565 1766 in
592 1725 719 1767 causam
737 1719 916 1782 attractum,
940 1704 1092 1783 habitam,
1118 1705 1157 1766 ad
1183 1705 1322 1786 primurn
1347 1703 1503 1787 judicium

241 1812 384 1893 proxime
402 1831 573 1873 occurrens
587 1832 643 1894 pro
658 1810 744 1873 finali
761 1812 859 1893 ipsius
872 1831 965 1873 cause
983 1810 1225 1891 adjudicacione
1239 1824 1504 1893 prorogaverunt.

346 1919 423 1980 ltem
451 1917 611 1999 Georgius
635 1918 720 1980 filius
752 1919 888 1980 condam
915 1919 1080 1980 Benedicti
1114 1918 1184 1997 ruli,
1208 1917 1351 1980 secundo
1375 1938 1409 1981 se
1434 1937 1504 2000 per·

240 2025 327 2086 sonis
351 2025 411 2085 sibi
436 2024 595 2085 similibus
623 2045 721 2106 penes
755 2023 944 2086 effusionem
976 2025 1141 2105 sanguinis
1174 2039 1283 2086 contra
1309 2023 1504 2105 Gregorium

240 2130 444 2191 Procertham
470 2145 584 2192 octavo
610 2131 660 2191 die
694 2151 789 2213 super
820 2151 905 2192 aram
931 2130 1048 2209 jurabit
1079 2150 1174 2212 super
1198 2151 1248 2210 eo,
1273 2146 1307 2193 ut
1332 2132 1399 2213 ipse
1424 2130 1503 2194 Gre-

239 2239 348 2318 gorius
373 2237 521 2298 Procerta
548 2238 650 2318 ipsum
678 2236 856 2317 Georgium
880 2257 975 2318 super
999 2257 1129 2299 manum
1156 2238 1315 2300 mactavit.

347 2343 422 2403 ltem
451 2342 626 2425 Blyzabeth
653 2343 735 2404 dicta
763 2344 863 2403 Kussa
893 2343 1001 2404 relicta
1032 2343 1169 2405 condam
1197 2344 1287 2405 Pauli
1313 2342 1503 2426 Doklenych

240 2449 382 2510 secundo
405 2470 437 2510 se
470 2450 615 2530 personis
646 2469 744 2531 penes
776 2448 964 2510 effusionem
997 2450 1162 2530 sanguinis
1194 2463 1224 2511 et
1246 2471 1344 2533 penes
1376 2470 1503 2533 percus·

241 2555 364 2616 sionem
390 2569 503 2616 octavo
529 2555 580 2616 die
598 2575 692 2636 super
717 2574 755 2615 eo
772 2574 867 2636 super
884 2574 969 2615 aram
994 2570 1102 2616 contra
1122 2554 1314 2637 Gregorium
1341 2557 1502 2618 literatum

240 2660 366 2740 jurabit,
400 2676 432 2722 ut
457 2661 523 2742 ipse
557 2660 732 2742 Gregorius
764 2661 865 2742 ipsam
899 2660 1076 2742 Elyzabeth
1109 2661 1275 2722 mulierem
1308 2682 1364 2744 per
1389 2661 1502 2726 laciem

239 2768 445 2849 percussisset
470 2787 570 2848 usque
596 2767 635 2828 ad
660 2768 825 2848 sanguinis
849 2767 1049 2829 effusionem.

345 2874 421 2936 ltem
448 2875 585 2935 lacobus
610 2873 749 2955 lrenipar
775 2875 848 2934 bina
874 2875 943 2935 vice
969 2889 1077 2936 contra
1104 2874 1245 2936 livanum
1271 2875 1392 2938 dictum
1410 2877 1502 2939 Turk

241 3000 296 3062 per
320 2981 579 3042 commissionem
605 2981 719 3062 judicis
744 2996 773 3041 et
797 2982 973 3063 juratorum
1001 2982 1031 3042 in
1057 2981 1212 3061 judicium
1239 3002 1301 3043 non
1328 2984 1424 3045 venit.

400 3197 494 3271 lesia
523 3209 619 3271 sexta
650 3203 802 3289 proxima
841 3210 918 3272 ante
947 3202 1069 3272 lestum
1099 3202 1345 3274 Penthecostes.

781 3350 844 3428 (18.
867 3357 961 3430 maie).

346 3494 424 3555 ltem
451 3495 562 3556 Vrsula
589 3495 652 3555 filia
679 3495 815 3556 condam
839 3496 948 3557 Jacobi
974 3497 1206 3580 Zuholowlych
1232 3498 1340 3558 relicta
1365 3499 1501 3560 condam

242 3600 371 3662 Thonre
397 3601 553 3662 carnificis
577 3602 651 3663 dicti
681 3602 801 3673 limat,
824 3618 963 3664 nostram
989 3605 1120 3664 veniens
1139 3605 1169 3664 in
1195 3605 1392 3685 presenciam
1411 3606 1503 3666 nobis

243 3727 281 3768 eo
306 3708 405 3768 modo
430 3707 606 3787 significare
633 3710 764 3785 curavit,
790 3723 823 3770 ut
851 3709 990 3791 quedam
1015 3710 1093 3770 silva
1127 3711 1156 3770 in
1182 3711 1343 3771 territorio
1368 3711 1504 3772 civitatis

242 3815 273 3873 in
298 3813 460 3874 vicinitate
484 3814 562 3875 silve
588 3815 763 3876 liberorum
786 3815 924 3876 condam
944 3815 1098 3876 Johannis
1122 3818 1223 3900 Bolye
1249 3818 1323 3879 dicti
1350 3831 1379 3880 et
1405 3819 1501 3879 Seba-

239 3919 338 3980 stiani
364 3919 517 3981 Zoldinar
541 3920 659 3998 hahita,
685 3922 816 4003 predicti
844 3922 952 3983 Jacobi
979 3923 1075 4003 patris
1100 3924 1198 4004 ipsius
1223 3924 1335 3984 Vrsule
1361 3924 1504 3985 mulieris

242 4024 432 4086 hereditaria
457 4045 582 4107 semper
607 4026 666 4087 luit
699 4043 729 4088 et
752 4042 822 4108 post
854 4043 990 4089 mortem
1017 4029 1115 4109 ipsius
1147 4030 1256 4090 Jacobi
1282 4050 1377 4111 super
1402 4030 1502 4111 ipsam

241 4131 389 4192 Vrsulam
415 4129 513 4192 liliam
532 4152 620 4193 suam
647 4134 713 4213 jure
740 4133 932 4195 hereditario
958 4135 1042 4211 iuxta
1062 4136 1160 4218 ipsius
1177 4138 1313 4198 civitatis
1337 4137 1502 4218 antiquam

240 4239 504 4301 consvetudinem
530 4255 559 4300 et
584 4241 819 4321 privilegiatam
854 4243 1032 4304 libertatem
1066 4244 1194 4306 nemine
1220 4246 1346 4326 penitus
1380 4260 1503 4305 contra·

241 4347 367 4408 dicente
392 4346 450 4408 rite
475 4360 505 4407 et
530 4348 686 4426 legittime
717 4363 763 4409 est
795 4350 956 4427 devoluta,
983 4351 1012 4410 in
1047 4351 1136 4411 cuius
1168 4351 1314 4412 dominio
1339 4365 1403 4413 tani
1438 4353 1503 4435 ipse

242 4454 380 4515 lacobus
410 4467 499 4535 pater
529 4454 627 4535 ipsius
658 4455 770 4515 Vrsule
801 4475 896 4537 quam
924 4457 990 4538 ipsa
1015 4457 1127 4518 Vrsula
1159 4458 1315 4519 muliera
1348 4459 1504 4519 memoria

240 4559 409 4622 hominum
431 4558 559 4642 pacifice
573 4581 698 4642 semper
719 4562 890 4642 permansit
906 4563 995 4623 nullo
1009 4564 1136 4644 penitus
1158 4564 1390 4625 contradictore
1407 4584 1503 4646 appa·

235 4680 346 4743 rente3
364 4680 395 4729 et
411 4668 499 4748 quod
517 4666 606 4730 litera
623 4667 831 4750 privilegialis
853 4690 909 4750 pro
927 4684 1014 4751 parte
1032 4669 1144 4752 prelati
1162 4671 1271 4733 Jacobi
1290 4672 1387 4753 patris
1404 4671 1503 4753 ipsius

237 4772 357 4835 Vrsule
383 4773 528 4837 mulieris
548 4794 644 4858 super
675 4775 787 4837 eadem
819 4775 898 4836 silva
931 4774 1075 4838 conlecta
1105 4792 1134 4838 et
1167 4793 1312 4840 emanata
1337 4778 1505 4840 casualiter
