3488 5272
238 324 301 387 334
643 302 731 359 Anno
755 292 850 376 1468.
876 328 917 339 -
942 308 970 355 1.
992 291 1107 367 aprilis.

1152 388 1502 403 —-—-—--—-

238 515 496 598 possessionibus
521 514 551 573 in
577 511 738 573 territorio
768 509 851 569 dicte
883 504 1019 567 civitatis
1042 501 1170 579 habitis,
1194 513 1225 562 et
1249 497 1337 581 quod
1362 497 1431 578 ipsa
1455 513 1507 555 re·

240 625 313 684 lictu
338 622 436 704 ipsius
459 619 597 680 condam
623 617 709 680 Galli
741 634 853 676 verum
878 625 1082 674 executorem
1115 608 1215 691 ipsius
1251 604 1388 667 condam
1413 599 1506 663 Galli

238 729 449 805 conservavit,
482 727 535 787 ubi
569 725 669 786 eciam
702 737 798 784 testes
829 719 1029 783 alfirmuruut
1061 714 1192 797 quando
1221 712 1382 774 racionem
1406 726 1508 788 super

238 834 400 916 peccuniis
425 832 531 913 posuit
556 831 622 913 ipse
648 831 785 907 Marcus,
814 827 903 908 quod
935 826 1002 908 ipse
1026 841 1091 884 non
1116 822 1189 904 plus
1220 818 1417 899 obligaretur
1441 812 1505 874 nisi

239 940 314 1021 ipsis
340 937 453 998 XXllll
480 936 548 998 flor.

241 1138 334 1211 terta
364 1148 461 1209 sexta
489 1135 641 1226 proxima
670 1145 747 1206 ante
772 1132 970 1207 dominicam
999 1132 1131 1222 Jndica.
1159 1136 1306 1216 tempore
1329 1123 1506 1212 indicatus

491 1258 619 1330 Andree
647 1259 708 1330 snit
738 1260 904 1346 Simonis,
933 1258 971 1328 de
1000 1274 1086 1327 anno
1113 1250 1253 1327 llll'lll.

782 1411 823 1485 (r.
848 1408 976 1484 aprilis).

346 1552 422 1612 ltern
448 1551 522 1631 quia
551 1550 726 1632 Elyzabeth
746 1549 939 1633 Chykoycza
965 1549 1060 1626 dicta,
1084 1546 1147 1628 jam
1173 1545 1246 1607 bina
1271 1543 1339 1604 vice
1363 1560 1422 1624 pro
1438 1539 1506 1601 suis

241 1657 402 1737 neplturiis
428 1656 517 1717 factis
541 1670 587 1717 est
619 1657 793 1737 proscripta
826 1655 865 1716 ad
899 1655 1098 1731 cathmum,
1122 1667 1154 1714 et
1186 1652 1214 1713 ei
1239 1649 1299 1712 fuit
1323 1645 1506 1730 prohibitus

245 1764 392 1823 introitus
417 1763 559 1823 eiusdem
585 1762 722 1822 civitatis
747 1777 777 1823 et
802 1763 870 1823 eins
890 1760 1052 1838 territorii,
1078 1759 1128 1821 cui
1154 1757 1245 1839 jurati
1271 1754 1507 1833 adjudicarunt,

245 1868 379 1929 eattdem
405 1887 519 1948 penam
547 1866 647 1928 lacere
673 1882 703 1929 et
734 1868 875 1929 baculari
908 1869 947 1928 de
977 1867 1092 1929 eodem
1124 1864 1285 1927 territorio
1309 1876 1343 1923 ut
1367 1859 1508 1941 amplius

243 1994 306 2034 non
334 1974 440 2033 veniat
465 1973 503 2032 ad
530 1973 724 2034 territorium
761 1974 904 2035 eiusdem
931 1974 1078 2051 civitatis,
1110 1971 1189 2034 etsi
1214 1966 1509 2052 deprehenderetur

242 2093 356 2138 extunc
381 2078 516 2137 eandem
542 2097 657 2158 penam
690 2079 850 2159 pacietur3
883 2080 936 2139 ubi
962 2093 1025 2139 tres
1050 2078 1201 2139 mulieres
1232 2088 1306 2137 sunt
1330 2070 1509 2155 proscripte

243 2182 390 2242 videlicet
423 2181 629 2263 (Ihyleoycza,
663 2185 803 2245 secunda
836 2183 900 2245 filia
927 2182 1159 2266 Matheychych
1192 2197 1224 2244 et
1247 2180 1343 2243 tercia
1368 2176 1508 2238 condam

243 2306 321 2345 uxor
349 2285 575 2368 Kerzon'nych.

350 2391 425 2451 ltem
452 2392 526 2471 quia
553 2393 730 2474 lilyzubeth
756 2395 1033 2479 Matheychychna
1068 2395 1162 2472 dicta,
1196 2390 1398 2455 inhabitatrix
1423 2389 1509 2450 dicte

247 2496 391 2572 civitatis,
411 2499 642 2577 propterquod
662 2500 730 2580 ipsa
748 2500 966 2563 conhabitavit
990 2520 1062 2562 cum
1080 2502 1216 2562 condam
1243 2500 1385 2581 Symone
1401 2510 1511 2557 sutore

247 2602 336 2661 Sterlc
363 2601 460 2677 dicto,
485 2601 635 2663 habendo
654 2604 756 2665 virum
783 2626 888 2685 suum,
916 2628 952 2667 ex
970 2609 1062 2669 cuius
1078 2607 1284 2687 suggestione
1302 2605 1368 2686 ipse
1386 2602 1511 2685 Symon

246 2706 304 2765 luit
330 2705 524 2783 interiectus,
549 2709 599 2767 cui
626 2710 806 2789 prohibitus
840 2728 887 2773 est
912 2714 1060 2774 introitus
1092 2713 1176 2774 dicte
1199 2711 1336 2773 civitatis
1359 2724 1390 2770 et
1413 2708 1511 2769 debet

246 2812 407 2890 expetenti
434 2813 472 2870 de
499 2813 564 2891 ipsa
598 2814 724 2876 civitate
749 2831 780 2877 et
808 2819 876 2878 eins
908 2820 1069 2880 territorio
1094 2835 1124 2881 et
1149 2838 1188 2881 ne
1221 2838 1276 2900 per
1300 2816 1439 2897 amplius
1463 2814 1510 2874 in·

246 2930 326 2975 trare
353 2916 467 2977 debeat
491 2917 529 2977 nd
557 2920 655 2999 ipsam
683 2922 843 2984 civitatem
877 2925 1001 2985 eteius
1033 2926 1240 3001 territorium,
1273 2938 1303 2984 et
1326 2923 1352 2983 si
1377 2920 1511 3002 quando

247 3021 443 3099 deprehensa
470 3022 562 3083 luerit
587 3025 725 3087 similem
752 3048 866 3109 penam
894 3032 1045 3111 pacietur.

354 3125 428 3184 ltern
462 3129 536 3205 quin
571 3130 746 3211 Elsznbeth
773 3135 880 3195 relicta
913 3138 1050 3197 condam
1085 3137 1203 3198 Mathis
1236 3131 1455 3215 Kerzowaych
1480 3146 1511 3193 et

247 3229 383 3287 cnrttlstn
410 3232 540 3309 (ienrgii
560 3234 694 3313 clientis,
712 3258 808 3316 qttam
827 3240 1082 3322 impregnaverat
1101 3243 1236 3304 Michael
1255 3240 1394 3302 famulus
1415 3239 1509 3302 Blasii

248 3335 361 3413 judicis
386 3336 569 3418 ltetxycblry
603 3339 690 3417 dicti,
721 3363 783 3423 que
816 3344 914 3406 letum
948 3368 1041 3407 suum
1067 3369 1121 3408 seu
1156 3367 1292 3430 puerum
1318 3345 1511 3425 deperdidit,

249 3460 344 3521 qtteun
371 3456 499 3521 propter
531 3464 586 3504 suu
620 3447 773 3510 demerita
807 3452 898 3528 jurati
931 3453 1156 3530 adjudicarunt
1188 3467 1403 3535 expercuttere
1437 3471 1511 3512 cum

249 3547 372 3607 tuentis
396 3548 434 3606 de
461 3548 527 3628 ipsa
553 3550 679 3613 civitate
698 3568 728 3614 et
752 3556 820 3615 eius
844 3559 1004 3619 territorio
1022 3575 1052 3620 et
1076 3581 1132 3642 per
1157 3561 1294 3641 amplius
1312 3579 1375 3619 non
1402 3558 1511 3619 venire

249 3654 462 3737 peramplius
487 3653 525 3713 ad
553 3655 654 3736 ipsum
679 3660 861 3737 civitatem3
893 3678 923 3724 et
956 3667 1058 3727 eciam
1083 3681 1213 3748 propter
1244 3666 1306 3727 hoc
1329 3667 1417 3747 quod
1445 3665 1511 3746 ipsa

249 3760 321 3822 lecit
347 3782 378 3821 se
404 3760 595 3842 perlundere
621 3785 692 3825 cum
718 3786 800 3847 aqua
834 3790 889 3850 per
918 3772 1056 3832 cribrum
1090 3793 1146 3854 per
1170 3772 1267 3833 filiam
1294 3772 1445 3853 Gerdyns
1471 3772 1511 3832 de

251 3870 424 3951 l’nlrressye
450 3884 479 3929 et
506 3869 586 3951 (lipsa
611 3872 649 3951 si)
675 3876 807 3953 venerit,
832 3892 946 3938 extunc
969 3880 1103 3941 eandem
1129 3899 1243 3961 penam
1270 3880 1422 3960 pacietur.

358 3976 434 4037 item
467 3976 540 4056 epeia
575 3978 809 4061 Kerpanychna
842 3998 872 4044 et
897 3984 981 4045 ttosa
1015 3985 1275 4067 Kosmuthychna
1310 4006 1364 4066 per
1391 3984 1512 4066 Dyoni·

252 4086 334 4145 siunt
360 4099 525 4159 sertorem,
544 4082 693 4163 juratum,
711 4102 819 4149 contra
845 4089 963 4151 liosam
989 4091 1132 4153 stlarkam
1151 4092 1190 4152 ad
1209 4092 1362 4169 judicium
1390 4092 1420 4151 in
1438 4111 1513 4152 con·

254 4191 414 4253 sistnriunt
441 4192 547 4251 venire
573 4192 787 4271 commiserat,
813 4215 877 4255 non
904 4212 1068 4258 venerunt.

358 4299 434 4359 irent
450 4298 523 4379 quin
540 4298 661 4359 (inrko
680 4300 818 4381 l'renipar
832 4302 964 4363 maritus
981 4303 1207 4386 Wenthychna
1222 4320 1330 4365 contra
1349 4305 1374 4363 V
1379 4306 1512 4364 ebenum

254 4406 403 4468 rttnritnnt
439 4406 502 4467 tilio
535 4406 689 4467 ,iohannis
715 4406 898 4491 Wenthych
932 4410 1074 4470 secundo
1107 4411 1220 4472 citatus
1248 4411 1279 4470 in
1306 4411 1424 4487 jtnlicio
1449 4431 1513 4470 non

253 4514 430 4597 comparuit
456 4534 562 4575 coram
589 4515 691 4577 nobis.

360 4621 435 4683 ltem
462 4622 536 4702 quin
563 4621 685 4682 lilasius
710 4620 848 4703 lrenipar
864 4621 1006 4682 concivis
1027 4638 1134 4683 noster
1151 4622 1255 4704 primo
1274 4621 1387 4682 citatus
1404 4636 1513 4683 contra

255 4728 383 4790 linrtlrnl
409 4727 589 4790 curnilicent
615 4728 717 4790 civem
735 4728 775 4790 de
804 4728 875 4788 vico
894 4728 1093 4805 latinorum,
1119 4748 1182 4789 non
1201 4728 1380 4807 comparuit
1405 4748 1513 4789 coram

254 4837 348 4899 nobis
372 4837 402 4897 itt
426 4836 558 4918 judicio,
