3488 5272
238 328 300 390 294
640 309 727 366 Arena
752 304 844 385 1466.
870 343 912 352 —
935 307 985 370 16.
1010 311 1089 371 maii.

343 523 419 581 ltem
437 520 525 601 quod
541 521 616 600 quia
633 522 786 602 providus
800 537 829 582 et
844 522 1092 602 circumspectus
1110 522 1158 582 vir
1170 521 1341 584 Conradus
1359 523 1505 602 Rawsar,

236 630 343 689 senior
367 626 461 709 judex
487 641 516 686 et
542 628 683 687 concivis
715 642 834 705 noster,
867 626 963 688 hodie
989 628 1020 687 in
1045 628 1166 707 judicio
1199 628 1370 710 providum
1395 628 1504 690 vitum

237 736 373 796 Paulum
398 732 606 811 aurifabrum,
631 754 728 815 quem
754 735 820 815 ipse
850 733 1020 795 Conradus
1045 735 1175 795 llawsar
1200 734 1364 796 infidelem
1385 749 1416 796 et
1440 734 1503 796 fal·

236 843 354 902 sarium
380 841 544 902 communi
578 841 661 900 dicte
694 841 830 901 civitatis
860 842 1030 917 asserebat,
1056 843 1265 922 comprobare
1298 841 1446 919 debebat,
1471 857 1506 904 et

236 949 311 1029 quia
337 949 403 1029 ipse
429 949 559 1007 llawsar
585 947 645 1007 hoc
670 967 734 1007 non
761 947 993 1029 comprobavit,
1022 967 1098 1028 ergo
1130 947 1295 1008 convictus
1318 961 1349 1009 et
1372 946 1502 1028 adjudi-

236 1071 324 1116 catus
349 1069 394 1115 est
418 1074 474 1135 per
498 1054 618 1134 juratos
643 1055 674 1114 in
702 1055 774 1113 vivo
800 1053 952 1134 homagio
979 1054 1044 1135 ipse
1070 1055 1211 1117 Rawsar.

343 1161 420 1221 Item
445 1180 572 1221 causam
599 1161 679 1220 inter
703 1160 915 1220 Laurencium
935 1180 1055 1241 sporar,
1081 1176 1115 1222 ut
1139 1176 1290 1241 actorem,
1308 1175 1339 1222 et
1363 1161 1502 1223 Paulum

237 1267 428 1343 carnificem,
454 1281 486 1327 ut
512 1267 542 1325 in
568 1286 694 1326 causam
721 1279 888 1327 attractum
915 1267 1042 1326 racione
1074 1286 1138 1327 non
1164 1267 1393 1349 apreciacionis
1416 1287 1504 1328 mac-

237 1375 310 1434 celli
335 1387 366 1432 et
391 1392 504 1454 pascua
531 1387 711 1432 servantem
738 1392 810 1432 cam
836 1373 1031 1432 animalibus
1048 1372 1087 1433 ad
1113 1373 1285 1435 emendum
1312 1374 1430 1451 habita,
1455 1372 1504 1453 ju·

239 1481 297 1542 rati
331 1479 605 1555 adjudicaverunt,
638 1478 725 1558 quod
758 1479 849 1538 sicuti
881 1478 934 1537 alii
969 1479 1120 1539 animalia
1155 1480 1278 1540 venalia
1311 1480 1342 1540 in
1376 1480 1504 1560 pascuis

242 1588 422 1648 nutrierant
447 1600 477 1646 et
502 1605 616 1666 pascua
642 1605 706 1644 non
732 1585 895 1645 solverunt
921 1585 978 1665 ipsi
1005 1586 1125 1662 comiti,
1149 1586 1193 1646 sic
1218 1606 1276 1647 nec
1301 1587 1367 1667 ipse
1385 1586 1505 1647 Paulus

237 1692 376 1754 carnifex
402 1692 526 1752 solvere
544 1693 711 1751 tenebatur
729 1692 794 1772 ipsa
821 1710 954 1771 pascua;
981 1692 1018 1751 de
1037 1712 1102 1771 quo
1120 1692 1240 1769 judicio
1259 1692 1400 1775 ipsorum
1419 1691 1503 1769 jura·

237 1816 342 1861 torum
369 1800 435 1880 ipse
463 1798 657 1857 laurencius
674 1817 738 1858 non
764 1811 933 1857 contentus
955 1798 1089 1858 eandem
1115 1818 1243 1859 causam
1269 1798 1445 1880 appellavit
1461 1798 1502 1858 ad

237 1907 379 1967 seniores
403 1904 534 1983 judices.

344 2013 421 2071 ltem
454 2030 580 2071 causam
615 2011 694 2069 inter
728 2011 930 2072 Clementem
964 2012 1122 2072 literatum
1156 2026 1187 2073 et
1213 2012 1357 2073 Blasium
1383 2012 1502 2073 Neker-

237 2120 388 2201 schenylr,
414 2121 529 2197 (deest).

345 2226 422 2286 ltem
448 2244 575 2284 causam
602 2225 683 2285 inter
716 2225 857 2285 relictam
891 2226 1049 2306 Fisdrych
1076 2226 1264 2303 Clementis,
1297 2239 1329 2285 ut
1354 2224 1502 2285 actricem

238 2347 268 2392 et
294 2332 375 2392 inter
400 2331 562 2390 'l'homam
589 2330 722 2390 Clredeu
747 2331 873 2390 racione
892 2332 1121 2412 apreciaeionis
1139 2331 1306 2391 cuiusdam
1331 2331 1417 2410 equi,
1436 2331 1503 2413 ipsa

239 2438 345 2499 relicta
371 2436 520 2518 quitquid
555 2436 630 2496 feria
665 2452 750 2497 sexta
779 2439 924 2515 proxime
957 2452 1089 2498 ventura
1116 2436 1146 2497 in
1180 2457 1231 2497 ara
1256 2451 1364 2497 sancte
1390 2436 1504 2497 Crucis

239 2543 341 2624 jurare
367 2544 537 2620 tenebitur,
572 2543 650 2602 illud
684 2543 750 2623 ipse
776 2542 909 2603 Chetlen
944 2543 1048 2603 eidem
1081 2544 1205 2604 solvere
1236 2542 1398 2603 tenebitur
1424 2542 1502 2603 dum

239 2650 355 2728 iurabit
380 2664 536 2730 quantum
561 2649 737 2730 dampnum
764 2671 911 2730 perpessa
938 2650 1006 2712 fuit.

350 2756 425 2818 ltem
454 2756 555 2816 lucas
580 2770 667 2816 sutor
691 2757 797 2816 senior
826 2755 945 2833 juratus
969 2769 1078 2816 contra
1108 2755 1307 2837 Stephanum
1333 2771 1362 2817 et
1382 2757 1502 2817 Lucam

239 2878 362 2923 sutores
388 2864 418 2922 in
445 2862 564 2938 iudicio
590 2882 653 2922 nou
679 2863 858 2942 comparuit
882 2882 988 2922 coram
1020 2862 1112 2921 nobis
1139 2877 1171 2922 ut
1196 2862 1342 2925 debebat.

346 2970 421 3029 ltem
448 2987 575 3028 causam
603 2969 682 3028 inter
710 2968 821 3049 lilram
848 2968 977 3048 (iayslty
1003 2983 1031 3028 et
1055 2969 1135 3028 inter
1160 2968 1359 3029 Anthonium
1387 2969 1505 3049 Opras·

242 3074 323 3155 nrclr
350 3075 477 3134 racione
502 3094 553 3133 set
574 3074 653 3148 llor.,
680 3074 745 3154 ipse
765 3075 946 3133 :lmlronius
965 3075 1067 3145 iurare
1085 3075 1244 3133 tenebitur
1269 3075 1298 3134 in
1325 3096 1378 3135 ara
1395 3091 1504 3137 sancte

241 3181 364 3254 Crucis,
389 3181 476 3260 quod
504 3180 569 3259 ipse
596 3201 658 3239 uon
685 3182 756 3261 plus
782 3182 839 3239 nisi
866 3202 917 3239 ses
951 3181 1018 3241 llor.
1045 3182 1112 3240 auri
1138 3180 1267 3240 dederat
1293 3182 1422 3243 racione
1448 3182 1503 3244 de·

240 3288 397 3347 tencionis
422 3287 565 3346 eiusdem
592 3307 647 3366 per
672 3287 869 3367 Capitulum.

347 3394 422 3454 ltem
450 3395 515 3473 ipse
541 3394 636 3474 lilyas
661 3394 774 3454 eodem
801 3394 852 3454 die
879 3393 980 3469 jurare
1002 3394 1172 3469 tenebitur,
1198 3394 1285 3474 quod
1313 3395 1377 3474 ipse
1406 3396 1502 3476 Eleas

240 3500 368 3579 caligas,
401 3519 479 3578 quas
512 3500 638 3559 dicebat
664 3500 729 3579 ipse
762 3499 945 3559 :luthotrius
978 3501 1036 3559 sibi
1072 3500 1264 3579 promisisse,
1291 3501 1333 3561 uil
1360 3503 1410 3562 vel
1436 3522 1504 3563 rno-

241 3607 347 3665 dicum
375 3607 456 3686 ipsas
481 3607 598 3685 caligas
625 3607 672 3666 rel
699 3606 830 3685 aliquod
856 3607 943 3666 aliud
970 3608 1112 3688 precium
1138 3608 1213 3667 dare
1238 3609 1418 3689 assumpsit.

348 3714 424 3772 ltem
460 3712 550 3786 jurati
584 3712 805 3787 adjudicarunt
846 3732 973 3772 causam
1007 3713 1154 3791 Gregorii
1189 3714 1321 3794 Stellasn
1356 3730 1386 3775 et
1419 3716 1499 3776 inter

240 3820 363 3880 lelltam
389 3819 531 3879 lilarltam
558 3819 684 3878 racione
710 3819 874 3879 cuiusdam
908 3820 1034 3897 domus,
1067 3840 1162 3899 quam
1190 3821 1254 3900 ipsa
1280 3822 1368 3880 lellta
1393 3822 1499 3883 eidem

241 3927 464 4008 propinaverat
499 3942 527 3985 ct
561 3926 659 3985 lilium
694 3926 881 4006 adoptivum
913 3942 1135 4005 assumpserat,
1169 3947 1204 3985 ex
1238 3947 1302 4006 quo
1330 3928 1394 4007 ipsa
1423 3949 1499 3988 eun-

240 4035 313 4092 dem
341 4034 370 4091 in
397 4032 548 4113 premissa
574 4032 671 4091 domo
689 4052 812 4091 servare
838 4032 954 4108 noluit,
983 4034 1047 4112 ipsa
1067 4032 1173 4093 literas
1197 4053 1292 4112 supet
1318 4034 1383 4114 ipsa
1401 4034 1500 4095 domo

238 4139 364 4199 racione
390 4139 470 4198 dacii
498 4139 716 4219 inpignoratas
748 4138 904 4198 redimere
930 4138 1058 4199 debebit
1083 4139 1197 4219 etipsa
1224 4138 1358 4199 domum
1384 4160 1441 4220 pro
1466 4161 1498 4201 se

237 4243 364 4305 habere.

344 4349 420 4410 ltem
448 4349 584 4410 llicltael
618 4350 813 4410 baccalarius
846 4365 954 4410 contra
988 4350 1157 4410 Nicolaum
1191 4351 1362 4432 pellificem
1397 4350 1499 4413 filium

237 4456 391 4516 Jankonis
422 4457 583 4537 areuparis
615 4457 741 4516 racione
775 4457 988 4537 percussionis
1020 4478 1075 4517 sue
1111 4458 1257 4518 terciario
1289 4459 1401 4518 citatus
1433 4478 1497 4518 non

236 4562 415 4643 comparuit
440 4582 548 4622 coram
574 4564 675 4623 nobis.

343 4668 419 4728 ltem
446 4668 537 4743 jurati
565 4668 828 4747 adjudicaverant
850 4688 978 4729 causam
1006 4670 1086 4730 inter
1104 4670 1277 4730 Martinam
1304 4670 1441 4747 judicem
1467 4682 1497 4730 et

244 4774 435 4839 Michaelem
461 4774 563 4839 lilium
589 4775 751 4839 Valentini
775 4774 890 4857 judicis
914 4776 1043 4839 racione
1059 4775 1274 4859 quorumdam
1299 4774 1492 4841 fossatorum
