3488 5272
645 351 732 408 Anno
757 348 850 427 1462.
874 384 918 393 —
940 346 992 411 18.
1008 351 1101 426 junii.

240 558 385 639 gencium
411 559 509 641 ipsius
535 561 696 622 llenltonis
721 575 753 622 et
777 561 845 623 eius
869 562 1122 623 retardationem
1148 561 1215 644 ipse
1233 561 1384 643 magister
1408 563 1508 625 Nico·

243 670 312 731 laus
336 685 461 733 tenetur
485 669 590 730 eidem
616 668 762 729 Benkoni
795 668 919 729 solvere
943 688 996 729 sex
1021 667 1090 730 flor.
1116 687 1217 749 usque
1241 669 1375 730 tercium
1407 668 1509 733 diem.

347 777 424 840 Item
450 777 535 838 idem
568 775 720 836 Nicolaus
754 776 898 836 medicus
929 775 1122 858 vituperavit
1154 776 1294 837 eundem
1316 776 1348 837 in
1372 775 1509 857 judicio,

242 885 407 946 convictus
438 898 484 946 est
509 898 619 943 contra
652 881 789 961 judicem
823 896 853 943 et
886 881 1150 943 communitatem
1176 882 1208 943 in
1241 882 1353 945 decem
1378 883 1507 963 marcis,

242 992 300 1074 ipsi
326 991 473 1053 Benkoni
498 991 530 1051 in
555 991 667 1051 decem
692 990 817 1071 pensis;
841 988 880 1049 de
906 1007 972 1070 quo
1004 988 1124 1070 judicio
1149 988 1235 1050 idem
1259 988 1412 1052 Nicolaus
1437 1008 1507 1053 me·

241 1098 331 1159 dicus
357 1117 419 1158 non
447 1110 616 1158 contentus
640 1095 814 1177 appellavit
839 1095 879 1155 ad
903 1094 1046 1156 seniores
1070 1094 1202 1176 judices.

348 1204 426 1267 ltem
464 1205 591 1266 racione
624 1202 854 1283 assignacionis
883 1216 914 1262 et
945 1202 1219 1284 inpignoracionis
1249 1203 1412 1266 literarum
1445 1222 1504 1286 per

241 1311 376 1372 condam
403 1325 584 1372 consortem
603 1309 701 1391 ipsius
724 1308 866 1389 magistri
889 1308 1013 1370 Nicolai
1033 1308 1147 1369 medici
1174 1307 1335 1370 Clementi
1358 1307 1501 1372 carnifici

240 1438 298 1500 pro
323 1417 450 1478 duobus
473 1416 543 1478 flor.
568 1431 598 1476 et
622 1435 679 1497 pro
704 1416 805 1476 tribus
825 1413 895 1476 flor.
920 1414 1064 1492 devino,
1089 1429 1121 1476 et
1144 1414 1219 1495 quia
1238 1414 1323 1476 idem
1349 1414 1505 1478 Clemens

239 1537 335 1586 testes
359 1543 466 1585 coram
491 1522 609 1603 quibus
633 1522 746 1582 eadem
769 1521 906 1582 condam
933 1521 1048 1582 mulier
1066 1521 1210 1583 eiusdem
1235 1521 1362 1583 Nicolai
1386 1522 1505 1584 medici

240 1630 369 1691 easdem
395 1630 500 1691 literas
525 1629 630 1690 eidem
656 1628 817 1690 Clementi
843 1627 1062 1709 inpignoravit
1090 1647 1148 1708 pro
1173 1627 1335 1709 premissis
1359 1628 1505 1710 quinque

240 1736 308 1799 flor.
335 1756 399 1796 non
424 1735 530 1812 habet,
557 1735 630 1795 ideo
656 1735 747 1813 jurati
783 1732 1048 1813 adjudicaverunt
1072 1734 1130 1815 ipsi
1157 1732 1318 1796 Clementi
1344 1732 1507 1813 juramen·

240 1856 309 1902 tum
334 1842 473 1903 solomet
498 1841 528 1901 in
554 1861 607 1900 ara
625 1855 731 1901 sancte
758 1839 871 1901 Crucis
888 1838 964 1900 feria
990 1854 1077 1900 sexta
1095 1837 1210 1917 futura,
1228 1855 1258 1901 et
1283 1840 1360 1901 dum
1376 1839 1505 1921 jurabit,

241 1950 306 2030 ipse
332 1948 482 2028 magister
507 1947 660 2008 Nicolaus
684 1960 809 2007 tenetur
838 1946 942 2006 eidem
968 1945 1129 2007 Clementi
1163 1945 1238 2007 dare
1261 1946 1404 2027 quinque
1428 1943 1499 2009 flor.

241 2068 271 2116 et
297 2055 362 2136 ipse
389 2054 541 2115 Clemens
566 2054 648 2135 ipsas
673 2052 779 2113 literas
803 2053 963 2132 assignare
988 2052 1092 2112 eidem
1118 2051 1254 2113 Nicolao
1279 2052 1416 2113 medico.

348 2160 424 2220 ltem
444 2179 571 2220 causam
590 2159 670 2219 inter
688 2159 831 2219 relictam
857 2159 994 2219 condam
1013 2158 1109 2218 Blasii
1128 2157 1242 2238 judicis
1266 2171 1298 2219 et
1315 2158 1502 2238 magistrum

241 2267 431 2328 Michaelem
459 2267 671 2328 baccalarium
697 2264 798 2326 filium
824 2266 967 2326 eiusdem
986 2266 1112 2326 racione
1134 2267 1379 2342 verberacionis,
1404 2284 1501 2347 quam

240 2373 305 2454 ipsa
340 2375 542 2454 proponebat
572 2388 680 2433 contra
715 2373 818 2453 ipsum
852 2373 1078 2449 baccalarium‚
1111 2372 1202 2453 jurati
1228 2372 1504 2449 adiudicaverunt‚

240 2479 326 2560 quod
352 2480 418 2559 ipsa
444 2494 545 2539 mater
569 2478 712 2540 eiusdem
731 2479 896 2539 baccalarii
923 2478 1130 2540 secundamet
1146 2492 1272 2539 tenetur
1296 2479 1398 2558 jurare
1422 2475 1500 2539 feria

239 2601 323 2648 sexta
350 2586 493 2667 proxime
519 2601 651 2646 ventura
679 2586 709 2645 in
735 2605 786 2645 ara
819 2600 925 2645 sancte
955 2584 1078 2662 Crucis,
1103 2584 1191 2664 quod
1218 2585 1319 2665 ipsam
1352 2584 1501 2647 verbera·

239 2692 364 2753 cionem
391 2706 420 2753 et
453 2692 614 2753 cicatrices
638 2712 732 2772 super
765 2692 864 2773 ipsam
899 2690 1034 2767 lecisset,
1060 2691 1147 2770 quod
1172 2705 1249 2751 tunc
1281 2690 1358 2751 dum
1384 2690 1502 2767 jurabit

241 2798 299 2878 ipsi
326 2798 416 2873 jurati
442 2812 666 2858 testamentum
686 2818 741 2878 per
766 2799 868 2879 ipsum
890 2798 1028 2857 lllasium
1055 2796 1193 2875 judicem
1213 2797 1378 2858 conditum
1404 2798 1498 2857 robo-

241 2907 355 2965 rabunt
388 2920 417 2965 et
451 2906 602 2965 roborant
627 2920 658 2965 et
691 2905 720 2963 in
755 2906 869 2964 robore
903 2923 1031 2963 manere
1057 2904 1186 2978 volunt;
1219 2904 1257 2962 de
1291 2923 1356 2984 quo
1380 2903 1500 2982 judicio

241 3012 307 3091 ipse
333 3012 481 3085 magister
508 3011 642 3071 lvliclrael
669 3032 732 3071 nou
760 3025 928 3071 contentus
946 3011 1119 3090 appellarit
1136 3010 1174 3069 atl
1201 3011 1342 3070 seniores
1369 3010 1498 3085 judices.

502 3163 648 3233 Salrlrato
678 3171 756 3232 ante
785 3163 904 3232 lestum
934 3164 1080 3251 Spiritus
1110 3165 1231 3234 sancti.

774 3324 817 3389 (5.
841 3313 953 3393 jamri).

345 3436 420 3496 ltem
448 3457 573 3497 cansam
609 3438 689 3497 inter
716 3439 900 3498 lienltonenr
928 3436 1083 3499 [amulum
1117 3439 1258 3517 magistri
1286 3439 1408 3498 Nicolai
1436 3458 1500 3499 me-

238 3543 299 3603 dici
326 3558 356 3604 et
381 3544 484 3624 ipsum
511 3544 697 3623 magistrum
732 3545 901 3605 Nicolaum
931 3545 1092 3605 medicum
1126 3546 1267 3605 seniores
1300 3545 1420 3620 judices
1446 3545 1499 3604 ad-

238 3649 471 3727 judicaverunt,
496 3650 583 3729 quod
610 3650 749 3731 prelatus
775 3651 885 3711 llenlto
910 3651 1025 3729 jurabit
1045 3650 1120 3711 l'eria
1145 3666 1230 3711 sexta
1256 3652 1399 3731 proxime
1426 3671 1500 3711 ren·

238 3770 319 3832 tura,
351 3755 438 3835 quod
466 3756 562 3815 nichil
597 3756 699 3836 ipsum
735 3756 918 3818 informavit
951 3757 990 3818 de
1015 3772 1080 3817 arte
1115 3758 1283 3833 medicine,
1309 3757 1396 3837 quod
1423 3757 1498 3816 ilum

239 3861 363 3939 jurabit,
389 3862 476 3940 quod
502 3877 576 3922 runc
602 3863 667 3942 ipse
693 3864 853 3924 tenebitur·
881 3864 985 3924 eidem
1019 3865 1142 3926 solvere
1168 3883 1267 3924 utrum
1293 3883 1365 3923 cum
1392 3865 1500 3923 medio

238 3967 318 4045 flor,
343 3982 373 4029 et
398 3968 484 4047 quod
512 3968 576 4048 ipse
603 3971 751 4048 magister
772 3971 922 4031 Nicolaus
947 3969 1073 4048 jurabit,
1100 3970 1188 4051 quod
1215 3970 1279 4051 ipse
1300 3970 1408 4029 llcnlto
1435 3989 1497 4029 non

237 4075 309 4155 plus
334 4074 391 4134 nisi
418 4094 483 4133 uno
508 4090 538 4135 et
563 4076 671 4135 medio
696 4096 781 4135 anno
810 4077 913 4136 eidem
940 4078 1075 4138 Nicolao
1093 4077 1240 4149 scrt'ivit;
1266 4092 1295 4136 et
1321 4077 1343 4134 si
1371 4096 1434 4135 non
1455 4076 1499 4150 ju-

238 4180 329 4256 rabit,
355 4194 469 4240 extunc
495 4178 612 4240 factum
639 4181 826 4261 premissum
862 4183 892 4242 ia
927 4184 1029 4264 primo
1055 4182 1138 4244 lacto
1163 4184 1303 4243 manebit
1327 4183 1418 4243 sicuti
1446 4182 1499 4241 atl-

234 4284 458 4363 judicaverunt
483 4285 574 4364 jurati
601 4286 748 4347 videlicet
775 4288 804 4347 in
831 4308 883 4349 sex
909 4288 977 4350 llor.
1003 4290 1082 4351 auri.

441 4452 535 4525 Feria
565 4466 661 4527 sexta
691 4460 843 4544 proxima
873 4465 949 4545 post
977 4457 1132 4547 Corporis
1162 4458 1296 4529 Christi.

771 4606 835 4683 (18.
852 4612 959 4685 junit').

343 4729 420 4791 lrem
444 4751 573 4793 causam
599 4733 679 4793 inter
704 4732 864 4813 Pangracz
889 4748 919 4795 et
945 4732 1102 4795 famulum
1129 4733 1219 4795 l‘auli
1246 4734 1355 4809 ltalici‚
1381 4733 1497 4794 civium

237 4852 433 4919 nostrorum,
463 4840 592 4902 racione
625 4839 823 4925 recepcionis
854 4840 1069 4923 quorumdam
1103 4842 1237 4919 bouum,
1268 4856 1399 4923 propter
1431 4841 1497 4901 vio·
