3488 5272
615 327 704 382 Am
730 337 821 398 ῖς).
844 357 889 366 -
912 320 965 381 .=.··.
995 340 1136 379 ’.φησι

558 534 635 595 ltem
660 534 817 595 Clemens
839 550 942 594 ⁵1:125
966 536 1108 593 :Lixus

557 640 635 701 ltem
660 641 811 701 Thomas
833 658 1053 720 :arpezzrra

556 747 636 808 item
661 749 800 808 lacobus
824 767 988 806 §tems-:c
1014 748 1130 806 Pete:

555 854 633 916 ltem
658 852 838 934 Gregorius
862 853 959 914 frate.-
985 856 1108 912 :':-:':.
1134 853 1274 910 Hertz.

556 960 634 1022 ltem
660 960 850 1021 Franciscm
873 976 1103 1040 carpentas.

555 1066 633 1128 ltem
660 1067 780 1127 Paulus
802 1082 891 1126 sutor
915 1068 948 1127 i:
973 1067 1073 1125 εὶς-3
1099 1065 1235 1124 Keser.

555 1173 632 1235 ltem
660 1174 791 1254 Mathep·
815 1169 905 1234 salter
927 1193 1027 1252 gen.-
1051 1172 1230 1232 ‘Iletezts
1255 1191 1347 1230 ῖεῑτῑ.

553 1279 630 1342 ltem
656 1280 825 1341 Emericus
851 1282 1081 1360 carpentersszs.

555 1387 631 1448 ltem
657 1387 773 1448 Betlek
798 1386 964 1467 chely-:22

555 1494 632 1554 ltem
658 1492 821 1573 Georgius
843 1508 933 1552 sutor
957 1494 1090 1551 matins
1115 1493 1198 1552 ite-se
1217 1497 1324 1571 3551:
1340 1514 1363 1551 s.

555 1600 632 1661 ltem
659 1598 821 1679 Georgius
844 1598 996 1679 t'renipar.

555 1705 632 1766 ltem
659 1705 784 1766 Blasius
807 1704 997 1784 lutitigulus.

554 1813 631 1873 Item
657 1812 757 1892 Jurgb
781 1811 934 1875 carnifex.

556 1919 631 1979 ltem
658 1920 747 1980 Jurse
773 1920 909 1980 institor.

555 2024 632 2086 ltem
658 2025 796 2085 Jacobus
819 2039 908 2085 sutor
931 2046 1029 2105 gener
1054 2026 1191 2107 Suskyn.

344 2187 420 2248 Item
446 2184 558 2268 prelati
576 2185 767 2247 Valentinus
792 2186 886 2257 iudex
911 2201 943 2246 et
969 2186 1059 2259 iurati
1088 2189 1309 2246 acconsiliarii
1329 2207 1400 2246 cum
1426 2207 1500 2245 con·

237 2312 331 2352 sensu
356 2306 386 2354 et
410 2292 635 2354 commissione
660 2312 695 2352 ac
727 2293 870 2353 unanimi
889 2308 919 2352 et
945 2294 1096 2352 concordi
1122 2295 1285 2353 voluntate
1318 2310 1348 2353 et
1372 2294 1500 2352 decreto

238 2398 340 2458 tocius
364 2398 605 2459 communitatis
629 2398 738 2459 omnia
755 2398 880 2459 decreta
902 2412 933 2459 et
953 2413 1067 2459 statuta
1094 2415 1157 2458 tam
1183 2401 1213 2458 in
1240 2402 1377 2479 presenti
1404 2419 1499 2479 quam

240 2505 270 2564 in
295 2504 435 2586 antiquis
460 2503 617 2566 cathernis
644 2504 761 2565 nostris
781 2519 929 2565 contenta
955 2521 985 2565 et
1009 2507 1123 2586 scripta
1154 2507 1261 2585 quoad
1291 2526 1403 2565 omnes
1428 2507 1500 2564 arti-

239 2610 329 2671 culos
352 2624 383 2671 et
414 2624 531 2692 puncta
555 2630 591 2671 ac
616 2611 773 2671 clausulas
798 2611 985 2672 eorumdem
1014 2626 1204 2672 statutorum
1237 2628 1266 2671 et
1300 2613 1499 2671 decretorum

240 2736 293 2798 per
317 2731 420 2780 totum
438 2737 559 2779 annum
577 2719 731 2801 presentis
748 2717 906 2796 judicatus
931 2718 1030 2798 ipsius
1055 2718 1215 2778 l'alentini
1239 2719 1352 2791 iudicis
1377 2735 1408 2778 et
1425 2738 1500 2777 con-

239 2838 409 2905 sequenter
432 2837 462 2885 et
486 2824 637 2905 deinceps
668 2823 735 2904 jure
768 2837 923 2905 perpetuo
959 2838 989 2884 et
1019 2825 1267 2883 irrevocabiliter
1292 2823 1499 2884 confirmave-

241 2945 312 2991 runt
335 2949 461 3012 semper
485 2930 620 2992 valitura
645 2943 675 2991 et
699 2949 825 3012 semper
848 2931 1058 2991 observanda.

311 3167 404 3240 leria
435 3179 531 3240 sexta
559 3169 709 3258 proxima
739 3178 814 3258 post
843 3170 963 3240 festum
993 3168 1081 3240 beati
1112 3170 1246 3256 llathye
1275 3171 1429 3257 apostoli.

714 3313 801 3364 anno
829 3294 1034 3382 supradicto.

746 3460 814 3542 (28.
831 3463 1011 3538 februarii).

345 3621 423 3682 Item
456 3621 531 3702 quia
557 3620 699 3703 Gywrko
732 3636 820 3682 sutor
844 3621 939 3682 debet
972 3641 1156 3702 comparere
1181 3623 1219 3682 ad
1247 3624 1384 3703 primum
1419 3624 1498 3699 jndi-

242 3726 322 3786 cium
348 3740 458 3787 contra
484 3727 640 3787 lacobum
665 3726 826 3808 Jakchych
852 3746 909 3807 pro
934 3728 1158 3787 verberacione
1185 3730 1291 3787 uxoris
1315 3749 1380 3789 suc.

346 3851 423 3911 ltem
448 3850 524 3932 quia
549 3850 650 3912 Suska
676 3865 785 3911 contra
812 3850 1044 3930 Margaretham
1075 3853 1179 3931 primo
1205 3852 1296 3912 citata
1323 3873 1386 3912 non
1413 3873 1498 3913 coni-

242 3957 345 4038 paruit
369 3957 401 4017 in
427 3956 548 4036 judicio
572 3976 680 4018 coram
706 3957 808 4018 nobis.

346 4064 423 4126 ltem
448 4064 524 4144 quia
547 4063 739 4124 Valentinus
758 4076 857 4139 sutor,
875 4061 1005 4141 juratus,
1031 4064 1134 4144 primo
1153 4065 1265 4123 citatus
1290 4080 1397 4125 contra
1419 4067 1498 4125 Mur-

241 4168 342 4230 tinum
367 4169 408 4231 de
426 4168 605 4251 Schytario‚
630 4168 670 4229 ad
695 4169 835 4250 primum
854 4167 1007 4246 judicium
1027 4189 1211 4250 comparere
1230 4185 1353 4230 tenetur
1374 4172 1498 4229 racione

240 4275 405 4337 cuiusdam
430 4274 719 4337 dehonestationis.

346 4381 424 4443 ltem
456 4382 532 4463 quia
563 4380 734 4443 Francisco
767 4380 984 4462 carpentarius
1016 4395 1140 4440 tenetur
1176 4399 1358 4459 comparere
1392 4397 1497 4441 contis

243 4487 354 4550 Berlelr
378 4506 596 4549 successorem
623 4487 751 4548 Martini
776 4487 854 4547 olim
880 4486 994 4563 judicis
1030 4486 1112 4546 dicte
1138 4487 1272 4545 civitatis
1297 4488 1333 4545 atl
1361 4489 1498 4567 prinnini

240 4593 407 4673 judicium

346 4700 424 4763 ltem
448 4699 525 4782 quis
549 4697 729 4780 Gregorius
752 4697 881 4780 pellifex
905 4696 1109 4778 ll‘rabchycli
1134 4697 1238 4778 primo
1263 4699 1375 4758 citerna
1392 4715 1498 4761 conns

241 4806 395 4870 Methism
417 4818 574 4869 artocem
598 4804 752 4868 claudum
776 4822 842 4865 non
868 4802 1046 4885 comparuit
1064 4822 1170 4865 coram
1197 4806 1290 4866 cecilii»
1314 4806 1345 4867 in
1372 4810 1500 4885 pitin-nn
