3488 5272
612 358 699 415 Anno
723 355 816 434 1469.
840 391 884 401 —
908 370 954 434 17.
970 356 1132 434 febroarii.

558 566 703 628 Andreas
727 568 919 649 Zlepchycb.

558 674 711 735 Nicolaus
735 693 916 755 panczerar.

560 780 661 841 Lucas
684 795 773 841 sutor
799 781 876 842 Lah.

558 885 750 947 Valentinus
771 901 859 948 sutor
877 887 908 948 in
934 888 1033 949 domo
1058 888 1292 971 Sydowchych.

557 991 710 1053 Clemens
733 1008 834 1054 sartor
858 993 1001 1056 claudus.

559 1098 670 1159 Petrus
693 1118 812 1179 sporar.

557 1204 703 1265 Thomas
728 1207 944 1288 carpentarius
970 1206 1109 1289 Rabych.

558 1310 670 1372 Berlek
696 1310 843 1394 Chebyn.

559 1417 723 1477 Emericus
748 1417 871 1500 lalchy.

559 1523 631 1583 Blas
655 1523 793 1586 lonczar.

559 1629 715 1690 Martinus
740 1629 881 1711 Banych.

556 1734 672 1796 Valent
696 1751 785 1796 sutor
808 1756 906 1817 gener
931 1738 1081 1819 Konyan.

557 1841 747 1903 Dominicus
770 1856 869 1905 sutor.

556 1947 719 2008 lohannes
744 1948 944 2031 Kathanych.

558 2054 723 2115 Emericus
748 2055 898 2118 Tracula.

557 2159 693 2221 Michael
718 2175 806 2222 sutor
832 2162 958 2244 Mancy.

558 2265 724 2328 Emericus
747 2282 846 2329 sutor.

556 2373 695 2434 lacobus
721 2374 886 2455 Kontigar.

555 2479 709 2540 Nicolaus
734 2479 867 2543 Saffran.

347 2638 423 2700 ltem
448 2636 561 2720 prelati
581 2639 774 2699 Benedictus
798 2638 893 2718 judex
913 2659 949 2701 ac
974 2639 1065 2720 jurati
1088 2654 1118 2701 et
1139 2640 1312 2701 consiliarii
1331 2660 1402 2701 cum
1428 2660 1501 2701 con·

238 2763 333 2805 sensu
358 2759 388 2806 et
412 2745 637 2805 commissione
662 2765 698 2806 ac
715 2745 858 2807 unanimi
881 2744 1098 2827 concordique
1131 2747 1294 2808 voluntate
1319 2760 1350 2808 et
1373 2747 1501 2807 decreto

238 2850 341 2910 tocius
365 2851 604 2912 communitatis
630 2851 881 2912 omniadecreta
904 2867 934 2913 et
954 2866 1068 2913 statuta
1094 2867 1158 2912 tam
1184 2853 1214 2913 in
1241 2852 1377 2933 presenti
1403 2871 1500 2933 quam

238 2956 269 3016 in
296 2957 436 3037 antiquis
460 2956 617 3019 cathernis
645 2958 761 3020 nostris
783 2974 930 3020 contenta
956 2973 986 3019 et
1009 2960 1123 3040 scripta
1154 2959 1260 3039 quoad
1290 2978 1403 3021 omnes
1427 2959 1501 3018 arti·

238 3061 329 3123 culos
352 3076 383 3124 et
415 3077 531 3143 puncta
556 3083 592 3125 ac
616 3063 774 3125 clausulas
799 3065 986 3126 eorumdem
1015 3079 1205 3126 statutorum
1237 3079 1268 3126 et
1300 3064 1500 3127 decretorum

238 3188 294 3249 per
318 3182 420 3230 totum
439 3189 559 3231 annum
578 3171 732 3252 presentis
749 3170 906 3249 judicatus
931 3171 1030 3254 ipsius
1048 3170 1212 3232 Benedicti
1235 3170 1348 3249 judicis
1373 3191 1409 3232 ac
1425 3190 1500 3231 con·

238 3289 409 3355 sequenter
433 3289 463 3335 et
486 3276 638 3359 deinceps
669 3276 736 3358 jure
770 3291 924 3360 perpetuo
961 3292 991 3338 et
1021 3277 1270 3339 irrevocabiliter
1293 3276 1502 3338 confirmave-

239 3395 312 3441 runt
336 3399 462 3462 semper
486 3382 621 3444 valitura
645 3398 677 3444 et
700 3403 826 3464 semper
850 3385 1060 3445 observanda.

285 3634 378 3708 Feria
407 3647 504 3709 sexta
534 3637 687 3726 proxima
716 3649 792 3728 post
825 3639 947 3710 festum
985 3638 1074 3710 beati
1103 3638 1270 3711 Valentini
1299 3639 1461 3711 martiris.

750 3790 812 3869 (17.
831 3792 1007 3866 februarii).

345 3930 430 4003 Quia
449 3931 574 3991 Blasius
590 3946 691 3993 sartor
709 3932 851 3993 Croacus
871 3932 986 3995 desub
1004 3947 1106 3994 castro
1122 3935 1289 4015 Kamenny
1306 3932 1384 4012 grad
1402 3932 1499 4009 dicto,

238 4037 292 4118 qui
318 4052 363 4098 est
388 4051 498 4118 captus
522 4053 553 4098 et
576 4039 723 4099 detentus
754 4040 785 4099 in
810 4039 894 4100 dicta
926 4040 1064 4117 civitate,
1088 4038 1187 4100 lassus
1218 4055 1265 4100 est
1288 4059 1343 4099 ore
1369 4039 1499 4120 proprio

237 4143 418 4204 voluntarie
443 4146 563 4224 absque
580 4145 727 4225 quolibet
751 4159 912 4206 tormento
930 4147 961 4206 in
979 4146 1169 4206 consistorio
1188 4159 1293 4206 nostre
1318 4145 1498 4206 communi·

236 4250 309 4311 tatis
344 4250 433 4331 quod
459 4251 525 4332 ipse
558 4249 716 4313 interfecit
748 4251 948 4312 Anthonium
981 4249 1106 4313 labrum
1139 4253 1241 4312 civem
1274 4252 1314 4312 de
1341 4250 1500 4311 Hraztho·

239 4377 345 4438 wycza
371 4357 402 4416 in
427 4357 527 4417 domo
551 4377 606 4418 sua
632 4376 770 4418 unacum
796 4357 863 4419 lilio
888 4358 1032 4418 eiusdem
1059 4357 1224 4418 Anthonii.

344 4481 419 4541 Item
440 4481 524 4541 idem
552 4481 676 4542 Blasius
694 4479 805 4559 lassus,
823 4481 911 4562 quod
930 4501 1060 4542 uxorem
1079 4502 1169 4542 suam
1188 4481 1350 4563 propriam
1377 4481 1501 4562 Marga-

236 4587 358 4650 retham
385 4589 416 4649 in
441 4588 582 4668 quodam
609 4602 718 4650 monte
744 4587 962 4651 interfecisset.

345 4711 423 4774 ltem
448 4711 549 4774 lassus
572 4728 618 4775 est
643 4715 674 4774 in
700 4727 873 4790 tormento,
904 4712 992 4794 quod
1025 4711 1183 4774 interfecit
1209 4732 1308 4774 unum
1334 4712 1500 4774 bominem

237 4818 278 4879 de
301 4818 422 4897 Zrinio‚
449 4818 636 4902 Walyczam
655 4819 797 4894 nomine,
821 4834 850 4880 et
869 4819 981 4881 babuit
996 4820 1119 4881 socium
1141 4819 1316 4900 quemdam
1334 4818 1499 4881 Thomam
