3488 5272
243 343 301 420 148
630 339 834 420 Ann01458.
860 377 899 386 —
923 358 972 403 21.
997 344 1110 417 aprilis.

238 553 478 635 modocumque
495 553 634 614 voluerit
652 553 869 635 disponendas
886 553 971 633 juxta
985 552 1164 635 predictam
1180 552 1410 616 condicionem
1428 554 1512 617 civi·

239 658 312 720 tatis
335 673 501 741 prenotate
526 659 753 741 supradictam.

342 765 418 827 ltem
444 764 578 846 quidam
603 765 760 846 presbiter
786 765 943 845 plebanus
967 764 1119 827 videlicet
1142 764 1181 825 de
1206 764 1380 844 Zamobor‚
1405 784 1508 849 quern

237 874 388 935 dominus
411 872 549 932 vicarius
565 871 659 932 nobis
684 891 740 952 per
764 871 872 933 literas
897 892 970 933 suas
990 872 1194 933 commiserat
1218 870 1354 933 detineri
1372 872 1507 935 racione

237 993 396 1041 certorum
422 978 651 1038 demeritorum
686 996 818 1038 suorum
847 998 918 1039 cum
945 978 1088 1060 quodam
1121 978 1250 1057 clerico,
1274 977 1329 1060 qui
1353 992 1508 1061 tempore

237 1085 379 1148 eiusdem
406 1082 606 1145 detencionis
629 1084 803 1164 quemdam
829 1083 966 1164 juratum
996 1085 1027 1145 in
1055 1085 1122 1167 ipsa
1145 1084 1273 1146 civitate
1299 1082 1504 1167 Stephanum

238 1191 370 1253 nornine
395 1189 628 1266 vulneraverat,
652 1189 745 1269 jurati
771 1188 1046 1269 adjudicaverunt,
1070 1190 1159 1271 quod
1176 1190 1374 1272 quicumque
1392 1188 1506 1253 huius·

239 1296 328 1358 modi
354 1294 471 1357 factum
509 1295 630 1355 malum
664 1296 893 1377 perpetraverit
924 1297 954 1357 in
980 1297 1040 1357 XX
1072 1296 1186 1358 marcis
1211 1296 1440 1373 convincatur3
1473 1308 1507 1358 et

238 1404 312 1464 ideo
338 1401 478 1484 prelatus
502 1401 658 1483 presbiter
682 1421 755 1463 cum
779 1402 895 1463 clerico
920 1423 978 1464 sao
1004 1417 1049 1464 est
1077 1403 1108 1464 in
1135 1403 1212 1485 ipsis
1236 1402 1411 1465 convictus.

342 1508 420 1569 Item
445 1508 586 1568 seniores
611 1507 731 1588 judices
756 1509 855 1589 ipsius
872 1509 1007 1571 civitatis
1028 1509 1252 1590 adjudicarunt
1276 1522 1307 1570 et
1330 1507 1501 1571 confirma·

238 1629 352 1677 verunt
376 1615 530 1693 judicium
558 1615 732 1694 juratorum
758 1614 886 1676 racione
919 1616 1085 1677 cuiusdam
1110 1616 1227 1677 domus
1258 1614 1385 1698 lapidee
1417 1616 1504 1677 Mar·

238 1723 294 1782 tini
322 1721 435 1799 judicis
466 1721 497 1782 in
531 1721 657 1782 civitate
682 1722 862 1797 existentis;
887 1722 926 1782 de
951 1741 1089 1803 quorum
1115 1721 1235 1803 judicio
1260 1721 1345 1783 idem
1370 1721 1501 1804 Radlyn

238 1846 302 1887 non
329 1840 498 1887 contentus
516 1826 650 1887 eandem
676 1846 803 1887 causam
822 1847 893 1887 cum
920 1828 1010 1888 totali
1028 1847 1179 1910 processu
1196 1841 1227 1888 et
1242 1828 1335 1905 serie,
1358 1827 1434 1906 suis,
1459 1827 1499 1888 ad

238 1932 425 2012 magistrum
451 1932 717 1993 thawarnicorum
748 1933 903 2013 regalium
930 1934 1113 2014 appellavit.

306 2168 399 2241 Feria
430 2178 527 2241 sexta
554 2169 706 2258 proxima
735 2179 813 2240 ante
840 2170 962 2241 festam
992 2169 1080 2240 beati
1110 2168 1242 2258 Georgii
1271 2169 1435 2242 martiris.

757 2328 818 2399 (21.
854 2324 979 2399 aprilis).

345 2464 420 2526 ltem
448 2465 638 2526 Valentinus
671 2463 813 2525 saberet
838 2464 923 2524 lwko
956 2478 1044 2525 sutor
1069 2478 1178 2525 contra
1211 2463 1431 2526 Sthanltonem
1457 2462 1488 2526 la

239 2572 332 2632 bruna
357 2572 462 2652 primo
488 2572 573 2632 citati
600 2591 664 2632 non
690 2586 948 2653 comparuerunt.

346 2677 423 2738 Item
443 2678 598 2739 Martinus
613 2676 872 2759 Mra(w)kowych
887 2679 1014 2738 racione
1033 2677 1197 2738 cuiusdam
1213 2677 1377 2738 homicidii
1392 2690 1502 2739 contra

239 2803 271 2844 se
296 2797 344 2844 ter
368 2782 442 2844 lecit
468 2783 594 2863 publice
614 2783 815 2864 proclamari,
840 2784 865 2844 si
891 2783 1009 2863 aliquis
1032 2798 1112 2843 esset
1130 2784 1183 2863 qui
1203 2782 1265 2843 tale
1290 2782 1502 2844 homicidium

239 2890 278 2950 ad
304 2890 442 2950 eundem
468 2890 598 2962 diceret,
622 2903 652 2949 et
677 2909 773 2950 nemo
806 2890 902 2952 venit.
929 2926 971 2933 —
996 2888 1073 2949 ltem
1106 2889 1207 2969 prima
1233 2888 1415 2969 publicatio
1439 2886 1501 2950 fuit

241 2995 316 3057 feria
341 3012 427 3056 sexta
461 2997 604 3076 proxima
630 3011 701 3075 post
733 3010 877 3056 octavam
905 2997 1009 3056 Pasce.
1102 2995 1177 3055 ltem
1211 2995 1350 3056 secunda
1375 2994 1501 3077 procla-

240 3104 343 3164 macio
369 3103 427 3164 luit
453 3102 528 3163 feria
553 3103 692 3164 secunda
718 3103 862 3183 proxima
888 3117 959 3184 post
988 3102 1102 3164 festum
1129 3103 1211 3162 beati
1238 3102 1393 3183 Tyburcii
1418 3122 1500 3163 mar·

240 3210 317 3270 tiris.
344 3245 383 3254 —
411 3209 486 3270 Item
505 3210 601 3269 tercia
620 3209 835 3290 proclamacio
861 3208 920 3270 fuit
937 3208 1014 3270 leria
1032 3224 1117 3269 sexta
1136 3208 1280 3290 proxima
1299 3224 1370 3269 ante
1385 3207 1500 3270 festum

242 3316 325 3376 beati
352 3314 482 3395 Georgii
510 3316 656 3376 martiris.

346 3420 422 3481 ltem
448 3440 574 3481 causam
602 3421 682 3482 inter
709 3422 827 3481 Lucam
854 3421 991 3498 juratum
1023 3421 1183 3481 seniorem
1208 3436 1237 3481 et
1262 3420 1424 3481 andream
1450 3439 1500 3480 su·

240 3541 340 3588 torem
367 3527 406 3587 ad
432 3525 571 3589 futuram
606 3526 717 3589 leriam
750 3542 869 3588 sextam
897 3527 1050 3589 Nicolaus
1075 3527 1169 3603 judex
1203 3542 1232 3589 et
1258 3528 1419 3588 lohannes
1444 3526 1501 3587 Pe·

240 3634 368 3716 rovvvcla
393 3634 540 3695 similiter
566 3634 659 3711 judex
684 3634 723 3695 ad
749 3635 953 3695 concordiam
980 3647 1243 3713 prorogaverunt.

346 3740 421 3799 ltem
448 3739 539 3817 jurati
566 3740 829 3817 adjudicaverunt
864 3741 951 3820 quod
978 3740 1130 3800 Nicolaas
1154 3754 1255 3800 sartor
1280 3753 1389 3800 contra
1415 3739 1499 3799 Mar·

239 3846 340 3906 tinum
367 3864 506 3905 rasorum
533 3865 714 3925 pannorum
740 3846 867 3906 racione
892 3846 1106 3925 quorumdam
1133 3846 1271 3905 duorum
1294 3865 1366 3905 cum
1391 3845 1500 3906 medio

240 3950 308 4012 flor.
342 3950 556 4027 juramentum
583 3951 719 4012 debebat
752 3951 913 4032 deponere
937 3952 992 4027 sic,
1025 3951 1112 4031 quod
1139 3971 1201 4012 non
1236 3951 1397 4031 obligatur
1421 3950 1501 4026 sibi3

240 4057 327 4137 quod
355 4057 438 4118 idem
466 4057 617 4118 Nicolaus
642 4058 800 4138 deposuit.

347 4163 423 4224 ltem
456 4163 548 4244 jurati
582 4164 846 4237 adjudicaverunt
879 4184 1004 4225 causam
1039 4165 1120 4225 inter
1156 4162 1278 4245 (iaspar
1310 4162 1500 4225 familiarem

242 4270 368 4330 Martini
394 4270 521 4330 comitis
545 4285 574 4330 et
594 4270 736 4330 Vlricum
756 4271 932 4331 institorem
959 4270 998 4331 de
1021 4270 1113 4331 Stiria
1133 4270 1260 4330 racione
1284 4269 1502 4350 quorumdam

240 4375 377 4436 duorum
404 4373 484 4451 flor„
509 4376 596 4455 quod
623 4376 689 4455 ipse
715 4396 780 4436 non
805 4377 936 4437 abstulit
953 4377 992 4436 ab
1018 4396 1075 4449 eo;
1100 4375 1323 4456 quodquidam
1342 4373 1502 4454 juramen·

240 4497 306 4542 tum
334 4482 418 4542 idem
445 4481 571 4543 Vlricus
596 4482 665 4564 ipso
690 4482 828 4543 termino
853 4482 1043 4543 adveniente
1065 4483 1250 4543 terciusmet
1274 4481 1433 4563 deposuit.

347 4588 423 4648 item
449 4587 541 4663 jurati
568 4588 832 4668 adjudicaverunt
857 4608 983 4649 causam
1014 4589 1096 4649 inter
1121 4588 1282 4649 Marinum
1307 4587 1446 4668 judicem
1472 4602 1502 4648 et

241 4694 397 4755 iacobum
422 4691 524 4755 filium
551 4694 633 4756 l’etri
667 4693 783 4755 literati
817 4694 945 4755 racione
982 4694 1111 4775 triginta
1144 4706 1282 4774 quatuor
1306 4692 1389 4771 flor„
1420 4712 1504 4775 quos

240 4813 328 4881 pater
350 4798 463 4881 prelati
489 4800 599 4862 Jacobi
625 4801 729 4862 eidem
755 4800 971 4881 obligabatur,
994 4798 1136 4881 prelatus
1161 4800 1304 4862 Marinus
1327 4799 1424 4879 judex
1448 4818 1502 4862 oc·
