3488 5272
236 321 298 382 262
612 317 812 397 Ann01465.
839 355 879 363 -
907 317 957 380 18.
974 321 1123 394 januarii.

341 535 422 596 Item
447 535 637 596 Valentinus
663 534 823 613 Pangracz
856 532 970 610 dictus,
1005 531 1180 592 modernus
1204 530 1337 612 juratus,
1362 530 1394 591 in
1420 528 1511 592 facto

239 642 470 703 subtractionis
495 641 590 702 musti
617 654 647 702 et
664 653 821 700 certarum
846 658 951 700 rerum
978 637 1086 699 relicte
1116 638 1253 699 condam
1279 637 1398 700 Mathei
1416 637 1510 700 insti·

240 749 328 826 toris,
354 748 569 829 juramentum
602 747 661 807 sibi
695 745 913 825 adjudicatum
948 744 1097 825 deposuit
1129 760 1163 805 ut
1196 744 1308 807 debuit
1337 757 1510 825 tamquam

240 854 341 934 justus
365 855 472 916 homo.

345 961 422 1022 ltem
448 960 604 1020 discretus
622 959 669 1018 vir
692 957 843 1018 dominus
869 957 1025 1018 Martinus
1042 957 1208 1038 presbiter,
1226 956 1368 1019 concivis
1384 969 1510 1034 noster,

239 1080 347 1127 contra
374 1050 769 1145 Dionisiumscriptorem
803 1063 908 1143 primo
933 1063 1047 1123 citatus
1079 1063 1110 1124 in
1136 1063 1258 1144 judicio
1284 1083 1348 1124 non
1374 1082 1509 1144 compa·

239 1175 302 1235 ruit
326 1192 433 1234 coram
467 1173 570 1233 nobis.

344 1281 421 1340 ltem
447 1278 588 1359 prelatus
605 1278 756 1339 dominus
782 1279 938 1338 Martinus
957 1289 1065 1337 contra
1092 1276 1211 1336 Rosam
1236 1274 1380 1336 filarkam
1398 1275 1508 1357 ptimo

240 1388 353 1448 citatus
377 1406 442 1446 non
466 1386 645 1466 comparuit
670 1404 776 1445 coram
803 1384 897 1445 nobis
920 1383 953 1443 in
979 1383 1108 1462 judicio

347 1494 422 1554 ltem
456 1492 639 1552 Anthonius
672 1491 819 1572 Chaykin
852 1491 965 1562 dictus,
998 1490 1085 1549 testis
1119 1489 1262 1550 Simonis
1293 1488 1436 1569 regutavi
1470 1489 1506 1550 in

238 1600 323 1661 facto
349 1599 432 1659 Petri
459 1598 600 1679 Dragyn,
625 1598 713 1678 quod
739 1599 805 1678 ipse
831 1596 960 1656 vidisset
979 1595 1135 1655 lentulum
1158 1595 1302 1657 eiusdem
1329 1594 1411 1655 Petri
1429 1614 1505 1655 cum

242 1710 345 1767 bobus
369 1706 401 1766 in
427 1705 565 1784 quadam
599 1720 680 1764 terra
714 1723 786 1764 cum
817 1702 957 1782 quodam
991 1717 1104 1762 trunco
1129 1703 1227 1782 vulgo
1259 1700 1320 1761 wal
1354 1701 1439 1761 dicto
1471 1700 1505 1761 in

241 1812 321 1872 festo
346 1811 500 1892 Corporis
525 1809 642 1871 Christi
670 1810 840 1871 laborasse.

347 1918 422 1977 ltem
449 1922 574 1996 Agnesa
600 1916 758 1976 secundus
783 1916 870 1976 testis
894 1914 991 1976 simili
1018 1915 1116 1975 modo
1141 1912 1222 1975 fassa
1248 1928 1293 1975 est
1317 1913 1408 1975 sicuti
1434 1913 1503 1995 ipse

240 2024 424 2085 Anthonius
446 2023 614 2104 Chaykyn.

347 2131 424 2190 ltem
450 2149 576 2190 causant
602 2130 684 2190 inter
700 2145 880 2190 consortem
904 2129 1040 2204 Nicolai,
1065 2128 1181 2207 judicis
1198 2129 1356 2205 moderni,
1374 2143 1404 2188 et
1422 2126 1506 2188 inter

241 2236 403 2296 Thomam
429 2236 562 2297 Cheden
590 2236 716 2296 racione
742 2236 917 2296 ablationis
934 2236 1100 2296 cuiusdam
1123 2235 1242 2316 cinguli
1268 2254 1398 2316 mayecz
1416 2233 1505 2310 dicti,

239 2341 330 2419 jurati
357 2355 569 2422 prorogarunt
594 2361 694 2421 usque
720 2342 858 2422 primum
888 2341 1055 2420 judicium,
1087 2342 1111 2401 si
1139 2355 1273 2421 possunt
1296 2339 1502 2416 concordare,

241 2450 321 2508 bene
347 2448 489 2528 quidern,
515 2447 659 2528 alioquin
686 2447 801 2509 facient
827 2447 981 2523 iudicium
1007 2448 1088 2507 inter
1112 2447 1254 2508 eosdem.

345 2555 420 2615 ltem
447 2575 573 2615 causam
601 2556 689 2615 Hans
715 2554 867 2615 Gurthler
891 2554 1017 2614 racione
1036 2554 1146 2613 mortis
1171 2553 1307 2613 condam
1336 2551 1500 2614 Benedicti

239 2659 405 2736 carnificis,
422 2661 499 2720 ciris
516 2660 555 2721 de
576 2661 748 2742 Krappina,
767 2661 797 2720 in
816 2661 914 2720 domo
932 2660 1076 2720 eiusdem
1096 2660 1184 2720 Hans
1201 2659 1343 2739 gurthler
1372 2657 1502 2734 mortui,

239 2767 331 2844 iurati
346 2768 579 2849 adjudicarunt,
598 2767 822 2848 quiaprelatus
841 2768 929 2827 Hans
946 2767 1089 2847 gurthler
1106 2767 1245 2827 evidenti
1264 2766 1448 2827 testimonio
1469 2784 1502 2825 se

240 2876 436 2956 expurgavit,
462 2876 548 2955 quod
575 2875 640 2953 ipse
674 2875 763 2934 Hans
795 2875 938 2954 gurthler
964 2875 993 2933 in
1026 2889 1127 2934 morte
1160 2874 1303 2934 eiusdem
1338 2872 1501 2933 Benedicti

240 2979 396 3041 carnificis
423 2982 575 3040 innocens
607 2995 687 3041 esset
712 2996 741 3040 et
775 2981 926 3057 inmunis,
960 2980 1013 3040 sed
1047 2980 1200 3039 solusmet
1225 3000 1257 3039 se
1283 2980 1385 3059 ipsum
1412 2976 1502 3037 mali·

240 3088 323 3147 close
360 3086 566 3147 interfecisset
598 3103 726 3168 propter
760 3088 891 3146 nimiam
930 3088 1125 3146 bibitionem
1160 3087 1225 3145 vini
1260 3086 1357 3165 vulgo
1390 3104 1502 3165 powze

240 3193 326 3270 dicti,
352 3209 381 3252 et
406 3194 465 3253 lroc
491 3207 595 3253 actum
623 3192 678 3254 luit
705 3208 734 3252 et
760 3193 983 3272 investigatum
1011 3213 1066 3272 per
1091 3192 1231 3271 judicem
1258 3206 1288 3252 et
1313 3192 1442 3272 juratos

268 3428 360 3501 letio
392 3442 487 3500 sexta
515 3430 665 3518 proxima
696 3443 772 3501 ante
801 3431 921 3500 lestum
952 3434 1124 3500 beatotum
1156 3427 1289 3499 Fabiani
1319 3440 1350 3498 et
1380 3430 1476 3498 Seba-

529 3558 632 3624 stiani
664 3559 853 3637 martirum,
883 3575 969 3623 anno
998 3554 1049 3624 tx
1080 3553 1205 3642 quinto.

640 3704 702 3777 (18.
718 3709 867 3783 juntartr'r.
892 3727 961 3766 unu
990 3705 1094 3784 1465).

345 3829 420 3888 ltem
447 3829 550 3909 primo
583 3845 627 3889 est
662 3831 893 3910 proclamatum
928 3847 1035 3890 contra
1064 3830 1215 3891 blathiam
1250 3831 1448 3909 'l'ergouecz
1473 3844 1503 3889 et

241 3934 451 4010 Michaelem,
483 3936 677 4011 tributarios,
721 3937 774 4016 qui
808 3938 980 4016 quemdam
1016 3938 1220 3998 Valentinum
1255 3939 1293 3996 de
1331 3937 1429 3997 Barna
1471 3939 1502 3996 in

239 4040 398 4101 territorio
424 4041 507 4101 dicte
533 4043 668 4102 civitatis
694 4044 723 4102 in
750 4044 936 4124 crepusculo
963 4045 1063 4103 noctis
1100 4044 1196 4104 nullis
1221 4045 1285 4104 suis
1310 4044 1412 4123 culpis
1438 4045 1502 4104 exi-

239 4148 388 4227 gentibus
412 4148 590 4228 spoliarunt
615 4163 644 4208 et
677 4164 761 4209 extra
793 4151 986 4211 territorium
1014 4151 1096 4211 dicte
1131 4152 1267 4212 civitatis
1292 4152 1501 4229 deduxerant,

241 4269 271 4316 et
296 4254 554 4335 jurisdictionem
581 4256 663 4316 dicte
689 4257 824 4316 civitatis
854 4257 1026 4336 fregerunt,
1051 4259 1105 4337 qui
1124 4260 1226 4319 vocati
1253 4273 1325 4320 sunt
1350 4259 1389 4318 ad
1415 4258 1502 4335 justi·

241 4360 322 4420 ciam
346 4374 380 4421 ut
404 4380 436 4421 se
462 4361 588 4421 racione
620 4363 727 4442 previa
761 4381 982 4444 expurgarent,
1015 4379 1044 4424 et
1086 4385 1149 4425 non
1186 4381 1351 4441 venerunt,
1376 4385 1452 4445 ergo
1477 4366 1501 4426 si

243 4467 344 4528 iidem
369 4468 505 4528 Mathias
529 4482 559 4529 et
585 4468 720 4528 Michael
746 4469 1058 4550 comprehendentur
1077 4472 1107 4531 in
1133 4472 1293 4532 territorio
1319 4472 1400 4531 dicte
1427 4473 1502 4532 civi-

240 4574 324 4653 tatis,
349 4592 464 4655 penam
489 4593 585 4655 quam
611 4588 644 4634 ut
668 4574 745 4635 tales
770 4589 941 4650 merentur,
966 4577 1141 4657 pacientur.

348 4681 424 4740 ltem
444 4680 537 4740 Ku'sa
563 4680 670 4741 relicta
687 4681 823 4741 condam
851 4680 969 4742 blathie
988 4682 1079 4758 labri,
1098 4682 1312 4760 Corinthiani,
1330 4684 1407 4745 olim
1427 4705 1501 4746 con·

240 4786 318 4846 ciris
343 4787 453 4864 nostri,
478 4801 578 4848 mater
602 4788 738 4848 condam
766 4788 894 4867 Endrey
919 4789 1027 4868 pueri;
1053 4790 1126 4851 item
1159 4791 1304 4851 l'rbanus
1327 4812 1425 4871 gener
1450 4793 1501 4853 lo-
