3488 5272
239 310 279 370 24
621 293 706 349 Anno
729 302 819 367 1451.
845 324 886 332 -
910 302 959 366 27.
984 295 1110 364 augusti.

236 398 598 405 ———-——-—-——-
1417 399 1501 406 --.-.-.

237 502 311 564 vida
343 503 480 564 condam
514 503 644 565 domina
680 501 841 564 Dorothea
874 517 1004 581 vocata,
1037 502 1144 564 relicta
1181 502 1319 565 condam
1354 502 1502 584 Gregorii

236 609 325 690 parvi
351 609 426 672 dicti
453 608 639 690 Greguricz,
664 627 796 670 consors
817 609 916 689 ipsius
941 609 1106 691 Stephani,
1131 610 1162 670 in
1180 610 1331 671 extremis
1358 609 1421 672 vite
1448 628 1503 671 sue

237 716 424 798 temporalis
454 716 640 794 laborasset,
664 728 739 778 tunc
765 715 832 797 ipsa
864 715 974 777 vineas
1007 735 1079 777 suas
1111 728 1141 777 et
1164 731 1280 778 terram
1313 735 1403 778 suam
1437 735 1503 777 ara-

238 822 337 882 bilem
358 821 389 882 in
414 821 575 885 territorio
601 835 631 883 et
655 840 769 903 campo
794 821 930 883 civitatis
957 820 1081 884 habitas
1105 835 1135 883 et
1157 823 1356 901 existentem,
1381 820 1504 903 prefato

239 926 404 1009 Stephano
422 928 537 990 marito
553 947 612 990 suo
630 928 789 1009 legittimo
807 928 926 1010 legavit
943 943 1098 1010 perpetuo
1115 928 1345 1010 possidendas;
1363 928 1504 1010 ideoque

237 1052 296 1095 nos
320 1033 448 1095 easdem
474 1035 584 1096 vineas
608 1048 638 1095 et
661 1049 777 1096 terram
803 1034 958 1096 arabilem
979 1035 1123 1116 predicto
1149 1035 1313 1118 Stephano
1338 1035 1441 1116 jurato
1466 1054 1502 1096 ac

237 1159 294 1222 per
318 1159 392 1202 eum
416 1141 482 1202 suis
506 1140 678 1202 heredibus
706 1141 875 1203 statuimus
906 1155 937 1202 et
962 1140 1222 1203 confirmavimus
1255 1141 1322 1222 jure
1348 1155 1504 1224 perpetuo

237 1246 447 1328 possidendas
471 1261 501 1308 et
525 1246 834 1328 quomodocumque
859 1246 997 1308 voluerit
1022 1247 1249 1330 disponendas.

344 1353 422 1415 ltem
447 1373 575 1415 causam
601 1354 682 1415 inter
700 1353 879 1434 Georgium
904 1352 1075 1435 pellificem
1092 1353 1230 1435 juratum
1256 1355 1448 1416 modernum
1474 1366 1503 1415 et

239 1459 321 1521 inter
346 1459 439 1543 Gyan
463 1458 636 1542 pellificem
662 1460 831 1540 antiquum
856 1460 1007 1540 juratum,
1032 1460 1072 1521 ad
1100 1460 1240 1542 primum
1265 1460 1422 1541 judicium
1447 1478 1502 1544 pro

237 1586 314 1650 pace
339 1565 443 1628 fienda
470 1587 525 1648 per
543 1567 737 1648 peticionem
763 1580 922 1628 certorum
941 1569 1117 1648 proborum
1138 1567 1279 1629 virorum
1306 1568 1345 1629 ad
1364 1568 1502 1650 primum

241 1673 396 1754 judicium
421 1672 572 1734 duximus
596 1672 844 1754 prorogandam.

240 1892 337 1966 Feria
366 1902 464 1966 sexta
494 1896 647 1983 proxima
686 1901 761 1983 post
800 1893 921 1966 festam
951 1858 1061 1966 sancti
1090 1894 1317 1966 Bartholomei
1347 1894 1504 1984 apostoll.

707 2047 768 2122 (27.
794 2048 932 2122 augusti).

345 2186 422 2248 ltem
449 2186 533 2247 Rosa
559 2185 623 2248 filia
649 2186 751 2247 Elene
775 2188 912 2268 pistricis
936 2201 1046 2248 contra
1070 2188 1205 2248 Bensam
1233 2187 1375 2270 lagnych
1399 2185 1505 2267 primo

241 2293 334 2354 citata
359 2312 424 2353 non
450 2293 638 2374 comparuit.

346 2398 423 2460 ltem
449 2399 596 2480 quamvis
621 2398 766 2460 Thomas
791 2399 925 2461 Cheden
959 2399 1043 2461 filius
1075 2401 1196 2479 Jacobi,
1222 2400 1362 2462 concivis
1386 2412 1505 2477 noster,

240 2525 298 2586 pro
323 2503 492 2566 manifesta
526 2505 619 2586 culpa
646 2519 676 2566 et
708 2506 840 2567 crimine
872 2488 942 2583 sir0,
975 2527 1037 2588 qua
1072 2522 1102 2568 et
1130 2526 1195 2587 quo
1228 2527 1264 2566 ex
1297 2505 1505 2586 instigacione

239 2610 368 2693 dyaboli
395 2611 564 2672 Nicolaum
589 2611 727 2690 judicem
769 2627 912 2674 nostrum
938 2613 1131 2674 modernum
1157 2611 1259 2673 lilium
1286 2611 1439 2675 Demetrii
1464 2611 1506 2672 ad

240 2716 352 2779 faciem
379 2738 469 2778 snam
495 2737 566 2778 cum
593 2719 694 2779 securi
721 2720 876 2799 percussit
901 2733 931 2780 et
954 2721 1085 2780 barbam
1103 2720 1171 2779 eius
1194 2719 1319 2796 evulsit,
1344 2718 1506 2780 indecem

240 2825 354 2886 marcis
378 2824 583 2885 denariorum
609 2841 663 2886 aut
696 2826 771 2907 ipsis
804 2824 1027 2886 deficientibus
1052 2827 1083 2886 in
1117 2825 1290 2886 amissione
1314 2841 1506 2884 manassae

240 2931 326 3012 juxta
351 2947 500 2991 contenta
526 2931 685 3012 privilegii
704 2932 803 2992 nostri
822 2932 1005 2992 communis
1023 2931 1155 3008 juridice
1180 2932 1345 2992 convictus
1370 2944 1400 2990 et
1417 2948 1506 3009 agra·

240 3053 331 3098 vatus
356 3037 518 3112 extitisset,
544 3052 650 3097 tamen
676 3038 751 3117 quia
770 3058 825 3118 per
850 3038 1049 3098 venerabiles
1067 3054 1096 3098 et
1122 3038 1290 3117 religiosos
1315 3037 1400 3096 viros
1417 3035 1507 3095 vide·

240 3144 313 3206 licet
341 3144 521 3204 Heremitas
539 3159 569 3204 et
594 3144 675 3203 alios
694 3144 803 3204 fratres
820 3145 1004 3205 claustrales
1021 3164 1076 3205 seu
1095 3144 1271 3205 monachos
1294 3143 1506 3203 claustrorum

241 3252 340 3312 sancti
367 3251 527 3311 francisci
553 3265 583 3310 et
600 3251 699 3311 sancti
720 3250 843 3310 Nicolai
871 3270 905 3310 ac
924 3251 1004 3310 alios
1029 3251 1183 3310 discretos
1208 3266 1237 3310 et
1253 3249 1405 3310 honestos
1423 3248 1507 3308 viros

242 3373 306 3418 tam
332 3357 513 3438 spirituales
547 3376 642 3436 quam
678 3357 836 3417 seculares
869 3357 962 3417 nobis
987 3377 1045 3438 pro
1078 3357 1191 3416 eodem
1218 3355 1346 3416 Thoma
1373 3354 1506 3416 Cheden

243 3463 273 3522 in
300 3482 339 3523 eo
363 3462 577 3544 supplicatum
603 3484 638 3522 ac
664 3462 743 3544 parti
769 3463 899 3522 adverse
923 3462 1070 3523 similiter
1096 3464 1125 3522 in
1152 3481 1190 3522 eo
1215 3461 1429 3542 supplicatum
1455 3480 1505 3521 ex·

241 3569 313 3646 titit,
338 3584 372 3629 ut
394 3570 459 3649 ipse
479 3569 629 3629 Nicolaus
647 3569 752 3648 judex,
770 3589 841 3650 pars
855 3569 1003 3629 videlicet
1021 3569 1162 3646 adversa,
1181 3569 1244 3628 lesa
1270 3584 1299 3628 et
1324 3567 1458 3646 offensa,
1475 3582 1506 3629 et

243 3695 301 3736 nos
326 3690 401 3756 puta
426 3675 549 3754 jndices
573 3690 603 3735 et
627 3677 768 3735 seniores
793 3675 846 3736 alii
874 3694 908 3734 ac
934 3675 1026 3753 jurati
1053 3690 1083 3736 et
1112 3675 1285 3736 consiliarii
1312 3691 1342 3736 et
1367 3675 1506 3735 universi

242 3781 327 3842 cives
343 3801 379 3842 ac
393 3795 458 3842 tota
477 3784 691 3842 communitas
703 3783 839 3843 civitatis
853 3783 1134 3862 Montisgrecensis
1152 3783 1210 3861 ipsi
1226 3782 1353 3842 Tlrome
1373 3781 1506 3843 Cheden

242 3906 299 3968 pro
323 3886 465 3968 predicta
490 3908 545 3948 sua
572 3889 665 3970 culpa
690 3903 719 3950 et
745 3889 877 3949 crimine
909 3889 1048 3969 graciam
1075 3903 1106 3950 et
1138 3889 1391 3948 misericordiam
1417 3887 1506 3950 fecis·

241 4012 365 4067 semus3
390 3993 529 4074 ideoque
561 4014 619 4054 nos
653 4014 766 4055 omnes
798 3995 970 4076 supradicti
1004 3994 1109 4055 eidem
1136 3995 1264 4055 Thome
1290 3994 1423 4055 Cheden
1449 4014 1507 4076 pro

243 4098 383 4179 predicta
409 4100 502 4181 culpa
528 4115 558 4160 et
583 4101 717 4161 crimine
742 4121 801 4161 suo
819 4101 923 4161 taliter
947 4102 1086 4180 graciam
1113 4116 1142 4162 et
1161 4100 1412 4160 misericordiam
1437 4120 1506 4181 pre-

242 4205 401 4267 dictorum
428 4206 651 4287 religiosorum
678 4223 708 4268 et
734 4208 945 4268 discretorum
965 4209 1106 4268 virorum
1126 4208 1339 4289 peticionibus
1364 4208 1506 4269 inclinari

242 4313 338 4374 talem
362 4313 502 4392 graciam
528 4327 558 4373 et
583 4313 836 4374 misericordiam
862 4313 995 4376 lecimus
1019 4315 1202 4396 specialem,
1228 4329 1261 4375 ut
1287 4315 1351 4396 ipse
1378 4334 1435 4375 nec
1459 4314 1505 4393 ju-

243 4418 345 4480 dicem
372 4438 429 4479 nec
452 4419 520 4479 eius
545 4439 735 4480 assessorem
761 4440 866 4500 neque
891 4420 1032 4501 aliquem
1069 4422 1195 4501 penitus
1220 4422 1321 4481 civem
1348 4421 1506 4482 similibus

243 4526 430 4588 criminibus
455 4541 485 4587 et
510 4527 612 4607 plagis
636 4525 763 4603 alliciat,
789 4546 847 4587 nec
872 4548 966 4609 super
991 4528 1076 4609 ipsos
1106 4529 1179 4589 talia
1206 4542 1375 4610 perpetret,
1400 4529 1453 4609 qui
1480 4529 1504 4588 si

243 4633 282 4695 de
308 4647 413 4694 cetero
438 4632 468 4692 id
493 4632 544 4693 vel
569 4632 675 4694 simile
699 4634 928 4714 perpetraverit
949 4653 1006 4713 pro
1031 4635 1147 4695 talibus
1165 4634 1249 4713 juxta
1275 4649 1424 4696 contenta
1442 4636 1504 4716 pri·

244 4738 352 4819 vilegii
378 4737 477 4799 nostri
502 4738 637 4818 predicti
662 4739 821 4821 punietur,
