3488 5272
243 329 300 390 118
612 330 810 405 Anno1457.
835 361 878 371 —
902 342 951 404 14.
967 327 1118 404 januarii.

238 541 368 604 redibus
392 542 561 603 statuimus
585 557 616 604 et
640 539 901 603 confirmavimus
933 552 1089 621 perpetuo
1114 538 1341 622 possidendam
1367 555 1397 601 et
1421 559 1502 621 quo·

238 649 480 730 modocumque
498 649 659 711 voluerint
676 646 911 729 disponendam
929 644 1015 727 juxta
1033 645 1257 707 condicionem
1280 645 1416 708 civitatis
1432 665 1502 727 pre-

238 768 346 817 notate
370 756 410 817 ab
435 755 568 837 antiquo
593 756 814 837 approbatam.

345 860 423 923 Item
449 860 620 923 Conradus
645 860 775 921 Rawsar
799 857 885 920 filius
908 857 1017 936 Vlrici,
1046 857 1141 938 judex
1167 858 1342 921 modernus
1366 859 1503 921 civitatis

238 966 390 1048 predicte,
422 980 454 1029 et
481 966 673 1029 Valentinus
705 964 790 1026 filius
822 963 991 1026 Michaelis
1022 964 1137 1047 judicis
1168 984 1204 1026 ac
1236 965 1393 1026 Martinus
1416 964 1502 1026 filius

239 1072 369 1134 Thome
395 1087 425 1135 et
449 1073 604 1135 Nicolaus
629 1072 713 1134 lilius
738 1071 893 1133 Demetrii
910 1071 1052 1132 seniores
1077 1070 1199 1151 judices
1223 1072 1359 1134 civitatis
1382 1069 1503 1154 prefate

239 1192 271 1242 et
294 1179 479 1242 Anthonius
503 1180 647 1241 literatus
672 1178 756 1240 lilius
773 1177 911 1239 condam
936 1176 1067 1239 Thome
1092 1177 1130 1238 de
1149 1176 1372 1261 Grabrownylr
1397 1178 1504 1240 senior

238 1285 359 1367 juratus
383 1286 518 1347 civitatis
543 1285 700 1362 eiusdem,
724 1304 760 1345 ac
785 1282 923 1344 Michael
948 1282 1033 1344 filius
1058 1284 1156 1344 Marci
1182 1283 1357 1346 modernus
1382 1283 1504 1363 juratus

240 1391 376 1453 civitatis
400 1391 547 1453 similiter
572 1391 716 1452 eiusdem
743 1402 773 1451 et
791 1390 941 1470 magister
958 1389 1105 1450 Matheus
1130 1389 1272 1450 notarius
1289 1390 1500 1452 consimiliter

240 1498 383 1559 eiusdem
410 1498 556 1575 civitatis,
581 1498 689 1558 arbitri
715 1517 770 1578 per
799 1496 970 1557 discretum
997 1496 1100 1556 virum
1133 1495 1302 1557 dominum
1329 1496 1499 1557 Nicolaum

239 1605 450 1686 presbiterum
468 1603 569 1665 filium
588 1602 717 1665 Thome
733 1603 773 1663 de
796 1600 1036 1683 Zoberothsyna
1054 1601 1246 1662 modernum
1261 1602 1434 1683 plebanum
1449 1616 1498 1663 e'c-

240 1709 335 1771 clesie
360 1723 467 1771 nostre
492 1708 683 1790 parochialis
708 1710 790 1770 beati
811 1709 907 1769 Marci
933 1707 1139 1789 ewangeliste
1163 1721 1194 1769 et
1218 1727 1275 1789 per
1299 1708 1501 1770 Demetrium

239 1813 342 1877 filium
369 1816 505 1877 condam
530 1816 650 1877 Vrbani
669 1815 860 1876 modernum
886 1814 1023 1894 juratum
1054 1813 1189 1874 civitatis
1214 1811 1333 1895 prefate
1359 1814 1390 1874 in
1409 1833 1503 1875 causa

240 1922 369 1983 racione
393 1922 489 1983 tercie
521 1922 618 2002 partis
650 1920 817 1982 cuiusdam
851 1919 967 1981 domus
999 1933 1121 1980 mutate
1151 1933 1181 1980 et
1214 1917 1305 1980 tundi
1331 1938 1367 1980 ac
1392 1918 1504 1980 hedifi-

240 2028 361 2089 ciorum
389 2028 488 2109 ipsius
513 2028 665 2089 Demetrii
692 2027 785 2109 jurati
815 2026 1009 2086 unanimiter
1044 2025 1147 2102 electi,
1171 2023 1330 2106 prefatum
1356 2024 1505 2088 videlicet

240 2133 410 2195 dominum
436 2134 607 2195 Nicolaum
626 2134 811 2214 plebanum,
836 2132 969 2213 predicti
988 2146 1137 2212 quatuor,
1155 2131 1306 2193 videlicet
1323 2132 1504 2211 Contadus,

240 2240 441 2318 Valentinus,
466 2240 622 2301 Martinus
647 2253 677 2301 et
702 2238 855 2300 Nicolaus
878 2238 1000 2318 judices
1017 2238 1198 2319 specialiter
1222 2238 1313 2300 electt
1340 2258 1398 2320 pro
1416 2252 1504 2322 parte

238 2366 306 2425 sua,
344 2360 375 2407 et
399 2367 455 2428 per
478 2345 655 2427 predictum
683 2345 882 2406 Demetrium
916 2344 1052 2422 juratum
1079 2342 1191 2426 prelati
1225 2344 1409 2406 Anthonius
1432 2344 1503 2406 lite·

240 2468 325 2514 ratus
349 2467 379 2514 et
405 2452 542 2514 Michael
568 2449 696 2533 pellifex
722 2450 813 2531 jurati
839 2470 875 2511 ac
909 2450 1060 2531 magister
1086 2449 1232 2511 Matheus
1257 2451 1400 2513 notarius
1425 2451 1503 2512 civi·

239 2559 312 2621 tatis
335 2559 516 2641 specialiter
540 2578 597 2639 pro
622 2571 710 2638 parte
735 2576 790 2617 sua
816 2557 919 2634 electi,
944 2576 983 2617 eo
1009 2557 1107 2618 modo
1133 2557 1335 2619 concorditer
1361 2558 1503 2621 arbitrati

239 2679 313 2727 sunt
337 2680 460 2746 recepta
487 2664 549 2726 fide
573 2666 613 2725 ab
631 2664 707 2746 ipsis
732 2663 874 2743 partibus
892 2682 987 2743 super
1015 2683 1064 2740 e0,
1091 2679 1123 2722 ut
1149 2664 1308 2744 quidquid
1335 2664 1394 2744 ipsi
1420 2665 1503 2727 arbi·

239 2771 312 2832 trati
345 2771 539 2832 unanimiter
573 2769 689 2830 suerint
716 2770 745 2829 in
779 2769 844 2850 ipsa
877 2768 1089 2830 arbitracione
1119 2770 1278 2831 dictorum
1311 2770 1502 2832 arbitrorum

241 2878 308 2958 ipse
333 2892 437 2959 partes
462 2877 626 2957 persistere
645 2876 798 2937 deberent
822 2877 881 2936 sub
899 2895 980 2956 pena
1012 2873 1221 2956 infrascripta,
1248 2891 1282 2937 ut
1306 2877 1380 2957 quia
1408 2877 1504 2959 privi-

240 2984 322 3065 legia
348 2983 588 3045 communitatis
622 2983 833 3063 pluraquam
866 2982 1009 3062 quinque
1044 2984 1102 3043 sub
1134 2983 1240 3061 sigillo
1266 2984 1504 3045 communitatis

241 3105 305 3151 tam
332 3110 389 3170 pro
415 3104 501 3170 parte
527 3089 789 3170 predecessorum
813 3088 911 3168 ipsius
937 3088 1090 3148 Demetrii
1109 3107 1205 3168 quum
1232 3108 1290 3169 pro
1315 3104 1402 3170 parte
1421 3089 1504 3150 eius-

241 3196 313 3256 dem
340 3195 493 3256 Demetrii
519 3214 614 3275 super
639 3195 750 3254 eadem
776 3193 872 3254 tercia
898 3208 984 3274 parte
1015 3194 1158 3254 eiusdem
1185 3194 1302 3255 domus
1327 3210 1449 3256 murate
1474 3209 1505 3256 et

242 3301 332 3363 lundi
358 3322 393 3363 ac
418 3299 641 3362 hedificiorum
667 3299 810 3361 conlecte
836 3319 933 3379 penes
958 3300 1025 3379 jura
1063 3301 1197 3361 civitatis
1223 3302 1313 3362 nullo
1340 3302 1437 3362 modo
1456 3302 1502 3363 in·

243 3407 338 3488 iringi
363 3421 536 3489 potuerunt
560 3427 618 3467 nec
636 3407 826 3483 debuerunt,
860 3406 998 3486 ideoque
1024 3406 1081 3487 ipsi
1116 3407 1224 3467 arbitri
1252 3408 1407 3468 dictarum
1433 3428 1502 3489 par·

242 3515 325 3576 cium
352 3513 494 3594 predicta
519 3513 687 3596 privilegia
712 3513 952 3574 communitatis
978 3533 1034 3593 pro
1058 3528 1144 3593 parte
1172 3514 1270 3595 ipsius
1296 3514 1448 3574 Demetrii
1474 3529 1505 3574 et

241 3620 400 3681 dictorum
427 3619 690 3702 predecessorum
712 3639 844 3680 suorum
863 3639 959 3700 super
985 3619 1050 3699 ipsa
1076 3621 1170 3680 tercia
1190 3636 1277 3700 parte
1303 3619 1418 3680 domus
1435 3639 1504 3681 mu·

241 3740 307 3787 rate
332 3740 362 3786 et
387 3725 477 3787 fundi
503 3746 539 3786 ac
565 3725 789 3786 hedificiorum
817 3726 914 3807 ipsius
938 3726 1091 3785 Demetrii
1117 3726 1208 3805 jurati
1235 3727 1266 3786 in
1293 3727 1434 3807 ipsorum
1460 3728 1504 3788 vi-

241 3851 318 3912 gore
345 3831 574 3893 inviolabiliter
599 3832 798 3912 reliquerunt
817 3833 869 3908 ita,
895 3832 982 3912 quod
1009 3832 1075 3912 ipse
1096 3832 1276 3893 Demetrius
1301 3833 1418 3893 dictam
1444 3848 1504 3894 ter·

242 3938 323 4000 ciam
357 3952 480 4019 partem
507 3939 605 4020 ipsius
638 3939 753 3998 domus
785 3957 839 3998 sue
872 3950 995 3999 mutate
1031 3952 1060 3998 et
1086 3937 1175 3998 fundi
1210 3959 1244 3998 ac
1270 3937 1504 4017 hedificiorum,

243 4063 301 4125 pro
326 4064 389 4126 qua
414 4044 480 4124 ipse
506 4045 657 4105 dominus
675 4044 827 4105 Nicolaus
851 4044 1008 4124 plebanus
1025 4064 1097 4104 cum
1124 4045 1192 4125 ipso
1219 4044 1384 4105 Demetrio
1402 4045 1504 4125 jurato

242 4148 390 4231 litigavit,
407 4150 502 4212 debet
527 4149 656 4232 pacifice
676 4149 838 4231 possidere
856 4164 885 4210 et
903 4150 1212 4231 quomodocumque
1236 4151 1372 4212 voluerit
1397 4151 1504 4232 dispo·

242 4275 318 4318 uere
342 4255 428 4339 juxta
455 4256 680 4317 condicionem
707 4256 842 4317 civitatis
867 4256 1008 4338 predicte
1033 4276 1068 4316 ac
1093 4256 1178 4333 juxta
1203 4271 1351 4318 contenta
1377 4257 1503 4338 privile-

241 4362 369 4444 giorum
387 4382 530 4440 suorum,
556 4362 616 4423 hoe
635 4382 793 4444 expresso,
817 4362 904 4443 quod
925 4363 989 4442 ipse
1011 4363 1192 4423 Demetrius
1213 4363 1332 4439 juratus
1357 4379 1419 4424 tres
1435 4363 1503 4425 flor.

243 4469 311 4531 auri
336 4469 376 4530 ad
401 4484 518 4531 tectum
544 4469 684 4552 predicte
723 4470 854 4530 ecclesie
889 4470 987 4530 sancti
1014 4471 1111 4530 Marci
1145 4471 1348 4550 ewangeliste
1375 4472 1448 4530 dare
1475 4485 1505 4532 et

241 4576 365 4637 solvere
390 4577 550 4638 tenebitur
575 4596 676 4658 usque
705 4589 854 4637 octavum
889 4576 987 4654 diem,
1013 4577 1144 4658 ipseque
1177 4577 1327 4638 dominus
1352 4577 1504 4638 Nicolaus

243 4681 400 4764 plebanus
423 4682 454 4743 in
480 4681 658 4744 subsidium
683 4697 714 4744 et
738 4680 936 4760 adjutorium
954 4681 1096 4763 ipsorum
1114 4683 1210 4744 trium
1229 4682 1297 4744 flor.
1316 4701 1416 4743 unum
1434 4681 1503 4745 flor.

243 4787 312 4849 auri
336 4788 387 4850 vel
412 4802 542 4851 monete
565 4803 596 4851 et
621 4788 707 4850 Lxx
732 4788 884 4850 denarios
900 4789 1099 4849 wiennenses
1124 4788 1182 4870 ipsi
1210 4788 1374 4852 Demetrio
1399 4788 1503 4869 jurato
