3488 5272
605 288 811 376 'Anno1455.
837 333 877 343 -
902 296 934 361 6.
958 301 1117 361 decembris.
1441 323 1499 384 ro3

233 508 364 590 gatetha
383 525 483 571 mater
507 509 607 591 ipsius
625 509 780 572 iohannis
797 509 912 588 judicis
928 511 960 573 in
979 511 1062 573 sacto
1080 515 1289 594 pecuniarum
1307 534 1365 596 pro
1383 516 1501 596 quibus

234 615 302 698 ipsa
326 629 408 677 terra
434 615 571 678 condam
591 615 751 699 Gregorio
775 615 879 697 jurato
902 618 989 680 dicto
1007 619 1178 702 Hudostyh
1205 619 1264 682 fuit
1288 641 1344 703 per
1361 622 1498 685 condem

238 722 381 784 Blasium
407 723 544 806 Frawyn
570 723 785 805 inpignorata,
803 737 918 785 octavo
942 723 993 786 die
1011 725 1167 807 presentis
1190 727 1253 788 diei
1278 728 1439 790 tenebitur
1454 727 1501 808 ju·

236 848 304 890 rare
328 848 425 912 super
449 848 488 891 eo
512 848 608 912 super
624 849 723 906 aram,
749 842 782 890 ut
807 830 874 912 ipsa
899 830 1001 892 nescit
1017 831 1141 913 aliquid
1159 833 1198 894 de
1223 851 1264 895 eo
1286 834 1311 894 si
1337 835 1404 915 ipse
1422 833 1500 897 Gre-

234 935 345 1016 gorius
368 934 489 1015 juratus
513 936 545 996 in
570 935 720 997 extremis
753 936 815 996 vite
849 955 905 997 sue
929 938 1117 1019 temporalis
1150 938 1310 1018 laborans,
1335 941 1375 1003 de
1409 942 1501 1004 dictis

234 1042 380 1124 pecuniis
403 1061 461 1124 pro
486 1042 604 1123 quibus
630 1042 697 1124 ipsa
721 1055 802 1103 terra
828 1042 934 1105 eidem
953 1041 1113 1125 Gregorio
1137 1043 1240 1123 jurato
1267 1044 1326 1107 fuit
1351 1047 1500 1129 inpigno-

234 1161 313 1227 tate,
343 1148 485 1230 aliquam
517 1162 640 1231 partem
672 1167 803 1230 parvam
835 1148 886 1209 vel
918 1168 1068 1231 magnam
1101 1150 1209 1212 liberis
1246 1172 1302 1212 seu
1328 1152 1500 1215 heredibus

234 1254 334 1336 ipsius
357 1254 495 1317 condam
520 1255 617 1316 Blasii
643 1255 780 1337 Frawyn
805 1255 977 1332 relaxavit;
1010 1254 1134 1338 prefato
1158 1273 1264 1319 autent
1290 1257 1427 1320 Johanni
1452 1260 1499 1341 ju·

234 1360 297 1423 dici
323 1361 382 1443 ipsi
408 1361 551 1424 seniores
574 1360 697 1442 judices
729 1360 945 1441 juramentum
977 1376 1117 1444 prestare
1142 1382 1207 1425 non
1232 1365 1350 1427 debere
1374 1365 1500 1446 adjudi-

233 1482 403 1543 caveruo13
436 1467 564 1550 dequo
597 1467 718 1548 judicio
748 1480 778 1530 et
809 1467 1054 1547 adjudicacione
1087 1469 1230 1552 ipsorum
1256 1471 1419 1533 seniorum
1452 1471 1498 1552 ju·

232 1574 340 1635 dicum
366 1573 508 1657 predicte
533 1576 626 1636 ambe
658 1588 774 1657 partes,
807 1574 957 1635 videlicet
979 1588 1044 1635 tam
1080 1575 1147 1657 ipse
1172 1576 1356 1639 Anthonius
1379 1577 1500 1657 juratus

233 1699 329 1761 quam
355 1678 497 1762 prefatus
521 1680 683 1742 iohannes
700 1681 795 1761 judex
819 1701 853 1743 se
877 1694 1045 1743 contentos
1062 1701 1129 1744 esse
1149 1683 1277 1765 penitus
1300 1681 1499 1747 affirmarunt

233 1800 264 1849 et
296 1802 509 1850 asseruerunt.
544 1789 583 1850 Et
614 1788 762 1870 deposito
794 1788 864 1870 ipso
895 1788 1076 1869 juramento
1107 1809 1164 1872 pet
1196 1790 1297 1873 ipsarn
1331 1790 1497 1854 dominam

233 1893 481 1975 Margaretham‚
505 1894 641 1977 predicti
665 1895 758 1957 liberi
782 1914 838 1956 seu
863 1894 997 1957 heredes
1021 1895 1120 1977 ipsius
1144 1896 1281 1958 condam
1307 1897 1404 1960 Blasii
1421 1899 1495 1960 Fra·

232 2019 306 2082 wyn
333 2001 434 2083 ipsam
458 2015 575 2062 tertam
600 2021 658 2084 pro
689 2001 836 2084 pecuniis
868 2019 927 2083 pro
951 2001 1069 2082 quibus
1101 1999 1161 2064 fuit
1187 2002 1390 2085 inpignorata
1415 2004 1497 2066 redi·

231 2125 317 2167 mere
341 2108 547 2169 tenebuntur.
