3488 5272
594 366 680 422 Anno
703 375 790 441 1477.
813 396 858 408 -
881 377 930 439 19.
954 364 1112 425 decembr-ts.
1419 364 1485 447 467

222 577 391 639 articulos:
416 579 520 659 primo
545 592 639 657 prout
664 577 748 637 idem
775 577 901 638 Marcus
924 574 975 637 fur
999 577 1122 657 absque
1146 579 1313 638 tormentis
1337 592 1368 640 et
1383 579 1484 639 eciam

222 696 294 764 post
317 682 379 744 hoc
404 683 434 743 in
453 684 620 746 tormentis
638 681 738 743 lassus
762 695 808 743 est
825 682 964 763 publice,
982 682 1069 762 quod
1088 681 1173 742 idem
1185 681 1280 761 judex
1297 683 1356 745 sibi
1376 684 1485 746 Marco

223 786 285 849 luri
309 789 480 850 consilium
506 788 646 849 dedisset
678 801 708 850 et
740 788 840 848 eciam
873 787 1084 848 commisisset
1111 787 1170 848 sibi
1203 801 1238 850 ut
1261 788 1383 850 socium
1408 808 1485 871 que·

223 908 305 955 reret
328 913 401 956 cum
435 914 500 975 quo
532 895 599 975 ipse
632 894 662 954 in
696 892 813 954 celario
842 893 985 955 eiusdem
1020 891 1140 975 prefate
1172 894 1310 955 condam
1342 895 1486 958 mulieris

223 999 345 1083 Glazye
371 1000 454 1062 dicte
487 999 640 1061 effoderet
674 1000 844 1081 peccunias
875 1014 905 1062 et
937 1001 1021 1061 bona
1046 1000 1070 1060 si
1100 1019 1162 1081 qua
1195 998 1328 1062 luissent
1351 1004 1484 1063 abscon·

222 1106 307 1182 dita3
331 1106 419 1187 quod
449 1106 515 1188 ipse
540 1106 701 1167 lohannes
732 1104 827 1184 judex
852 1105 1027 1167 modernus
1051 1106 1189 1185 negavit.
1222 1105 1371 1168 Secundo
1396 1107 1484 1188 quod

222 1209 362 1293 prelatus
386 1211 481 1293 judex
506 1211 546 1271 ad
565 1211 820 1292 ,requisicionem
853 1211 1017 1272 seniorum
1050 1210 1192 1290 judicum
1217 1226 1248 1272 et
1272 1213 1373 1274 eciam
1396 1232 1485 1274 com·

222 1318 387 1378 munitatis
420 1318 519 1380 dictas
543 1338 593 1379 res
624 1331 654 1378 et
679 1319 762 1379 bona
793 1337 963 1398 quousque
995 1331 1094 1394 erant,
1129 1319 1292 1381 extraduce
1317 1320 1484 1382 recusavit.

224 1423 343 1485 Tercio
368 1425 499 1505 quando
527 1424 585 1507 ipsi
610 1424 752 1485 seniores
784 1424 1014 1484 commiserunt
1039 1423 1097 1504 ipsi
1130 1424 1267 1486 lohanni
1293 1424 1389 1504 judici
1415 1446 1483 1487 mo·

225 1529 326 1591 derno
351 1530 454 1611 ipsum
482 1530 623 1591 Marcum
657 1528 758 1589 lurem
792 1529 950 1610 captivare
982 1543 1012 1590 et
1037 1529 1241 1606 incarcerare,
1274 1531 1362 1612 quod
1395 1530 1481 1592 idem

224 1634 320 1713 judex
345 1636 479 1697 omnino
511 1636 676 1697 recusavit.
720 1636 844 1708 Quarto
876 1635 1006 1716 quando
1038 1635 1179 1697 seniores
1211 1652 1241 1697 et
1264 1638 1478 1700 communitas

220 1761 333 1804 omnes
356 1742 486 1803 insimul
511 1743 542 1803 in
567 1742 756 1804 consistorio
785 1742 967 1822 congregati
993 1739 1121 1802 luerunt
1146 1758 1176 1804 et
1200 1742 1304 1824 ipsum
1336 1744 1479 1806 Marcum

222 1847 323 1910 furem
361 1849 522 1931 captivare
554 1862 584 1909 et
617 1849 810 1910 incarcerare
844 1846 996 1925 lecerunt,
1027 1860 1103 1910 tunc
1135 1848 1221 1910 idem
1258 1848 1351 1925 judex
1376 1865 1483 1912 noster

222 1954 384 2017 lohannes
420 1955 523 2016 dictus
554 1974 625 2016 sero
657 1954 847 2015 adveniente
880 1954 1018 2016 visitavit
1052 1955 1191 2016 eundem
1224 1954 1326 2017 lurem
1349 1956 1402 2017 ubi
1436 1957 1482 2017 in·

220 2076 397 2123 carceratus
422 2075 498 2137 erat,
523 2060 724 2143 presentibus
740 2059 860 2121 ibidem
885 2059 1004 2136 juratis,
1022 2060 1106 2121 idem
1132 2060 1294 2122 lohannes
1310 2061 1404 2140 judex
1421 2062 1481 2123 sibi

221 2165 281 2227 furi
305 2166 424 2228 lectum
449 2166 621 2247 disponere
645 2179 676 2226 et
699 2179 838 2226 sternere
864 2166 1045 2247 procuravit
1062 2180 1092 2227 et
1116 2166 1254 2227 eundem
1280 2166 1381 2228 furem
1406 2187 1481 2229 con-

221 2270 343 2333 fortans
366 2272 471 2333 verbis
503 2291 610 2333 coram
642 2270 752 2350 juratis
784 2271 918 2349 civibus,
950 2271 1036 2352 quod
1071 2270 1121 2332 fur
1152 2271 1248 2332 nichil
1275 2273 1400 2334 timeret
1432 2274 1481 2335 vel

221 2378 333 2439 timere
357 2378 500 2454 deberet,
518 2397 575 2437 nec
599 2377 722 2458 sibiipsi
740 2378 858 2438 malam
883 2377 1081 2438 voluntatem
1100 2377 1199 2454 daret,
1216 2378 1291 2459 quia
1309 2398 1369 2459 ego
1386 2379 1481 2459 judex

220 2484 373 2564 promitto
409 2484 466 2544 tibi
503 2483 590 2564 quod
627 2483 702 2544 volo
737 2497 767 2544 te
803 2481 975 2543 defendere
1020 2503 1120 2564 usque
1158 2484 1196 2544 ad
1233 2499 1327 2566 caput
1362 2505 1479 2547 meum.

221 2588 391 2670 Propterea
417 2605 462 2649 est
486 2588 704 2667 adjudicatum
730 2588 944 2665 juramentum
971 2589 1029 2669 ipsi
1055 2589 1191 2651 iohanni
1218 2590 1416 2652 Soldinaricz
1434 2591 1480 2668 ju·

219 2694 282 2755 dici
307 2694 464 2755 moderno
489 2695 759 2775 quinquagesimo
783 2714 816 2754 se
840 2695 964 2755 civibus
991 2694 1135 2756 eiusdem
1160 2695 1306 2773 civitatis,
1331 2696 1481 2759 videlicet

219 2799 307 2882 quod
335 2800 438 2881 ipsum
465 2800 678 2879 juramentum
704 2799 782 2861 feria
809 2816 893 2861 sexta
928 2802 1072 2881 proxima
1097 2814 1167 2881 post
1192 2800 1307 2863 festum
1341 2803 1480 2885 Epipha-

220 2909 345 2969 niarum
370 2907 501 2969 Domini
526 2909 557 2968 in
583 2908 714 2969 ecclesia
731 2908 830 2969 sancti
857 2907 953 2969 Marci
981 2908 1010 2967 in
1029 2928 1080 2967 ara
1098 2908 1217 2968 scilicet
1241 2921 1348 2970 sancte
1365 2907 1478 2971 Crucis

219 3015 382 3096 deponere
408 3013 512 3090 debet,
538 3014 624 3095 quod
659 3013 742 3074 idem
767 3012 862 3094 judex
894 3014 923 3074 in
949 3013 1090 3075 articulis
1121 3014 1267 3095 superius
1290 3015 1478 3096 expressatis

221 3120 376 3180 innocens
400 3120 439 3180 sit
464 3133 493 3179 et
518 3120 628 3180 existat
653 3119 779 3201 penitus
803 3133 833 3181 et
866 3120 1016 3195 inmunis,
1041 3134 1070 3179 et
1099 3120 1186 3200 quod
1219 3119 1250 3180 in
1277 3120 1366 3181 nullo
1390 3120 1477 3183 malo

221 3225 292 3286 zelo
317 3226 422 3307 ipsum
447 3223 549 3285 furem
582 3224 786 3301 defendebat,
818 3245 875 3286 nec
905 3246 954 3286 res
987 3227 1069 3307 ipsas
1092 3226 1214 3286 tamdiu
1246 3227 1305 3287 sub
1336 3227 1479 3288 clavibus

221 3329 320 3411 ipsius
345 3331 443 3391 Marci
469 3346 576 3391 tenere
606 3329 689 3391 lecit.

325 3436 475 3497 Tandem
501 3437 540 3496 ad
569 3436 841 3517 supplicacionem
874 3434 1118 3515 magnificorum
1152 3437 1281 3518 Mathey
1307 3436 1413 3498 Gereb
1437 3437 1477 3498 de

218 3541 400 3625 Wyngarth
426 3558 455 3602 et
481 3542 618 3603 Emerici
644 3542 683 3602 de
710 3541 824 3602 l'alocz
856 3555 1018 3602 oratorum
1053 3543 1245 3602 serenissimi
1271 3542 1424 3625 principis
1447 3556 1478 3603 et

217 3650 353 3728 domini,
378 3649 501 3710 domini
529 3648 656 3730 Mathye
681 3648 731 3708 dei
755 3649 861 3729 gracia
883 3649 966 3727 regis
984 3647 1148 3729 Hungarie
1172 3664 1203 3708 et
1229 3649 1382 3711 Bohemie
1407 3664 1477 3726 etc.,

218 3754 340 3816 domini
366 3755 464 3817 nostri
490 3755 644 3815 naturalis
667 3768 697 3815 et
720 3754 957 3834 graciosissimi,
986 3772 1022 3814 ac
1047 3755 1238 3816 venerabilis
1263 3754 1365 3816 fratris
1389 3754 1475 3815 Alle-

218 3861 330 3922 xandri
355 3862 479 3922 abbatis
497 3862 536 3921 de
562 3859 756 3921 ththowo
780 3858 903 3942 prelato
922 3860 1029 3920 llarco
1054 3858 1113 3921 luri
1132 3880 1187 3941 per
1211 3860 1474 3922 communitatem

215 3968 322 4047 gracia
348 3965 428 4029 facta
454 3981 499 4027 est
522 3967 616 4048 capiti
635 3985 693 4026 nec
718 3986 781 4026 non
800 3969 895 4027 rebus
918 3979 948 4025 et
966 3966 1058 4027 bonis
1082 3968 1157 4041 suis,
1175 3966 1344 4048 persolutis
1368 3978 1475 4026 tamen

217 4073 333 4134 debitis
358 4074 514 4134 universis
539 4073 656 4153 quibus
681 4072 711 4132 in
745 4071 827 4132 dicta
861 4072 987 4133 civitate
1016 4072 1187 4153 obligatur,
1219 4086 1249 4131 et
1273 4071 1360 4151 quod
1394 4091 1474 4133 nun·

216 4197 314 4260 quam
339 4199 395 4261 per
418 4179 557 4260 amplius
581 4179 619 4238 ad
655 4178 754 4259 ipsam
788 4178 948 4238 civitatem
982 4193 1012 4239 et
1034 4178 1226 4239 territorium
1259 4177 1402 4238 eiusdem
1428 4178 1475 4238 in·

215 4300 297 4347 trare
322 4285 372 4345 vel
398 4286 504 4345 venire
529 4285 657 4361 audeat,
687 4304 761 4345 casu
794 4285 918 4346 verosi
951 4298 1132 4364 compertus
1164 4281 1269 4357 luerit,
1294 4298 1368 4344 tunc
1394 4304 1475 4365 pena

216 4392 284 4473 ipse
308 4391 517 4472 amplectetur
540 4409 598 4471 pro
622 4390 768 4471 superius
788 4410 844 4472 per
868 4390 987 4470 juratos
1011 4388 1227 4463 adjudicatum
1254 4387 1323 4449 fuit.

324 4495 489 4557 Postremo
515 4496 581 4576 ipss
606 4493 682 4557 leria
707 4510 792 4557 sexta
825 4496 1027 4570 adveniente,
1052 4515 1114 4575 qua
1149 4493 1289 4576 prelatus
1314 4494 1476 4557 lohannes

216 4601 417 4665 Soldinaricz
441 4601 544 4683 ipsum
571 4600 785 4679 juramentum
816 4603 876 4663 sibi
908 4599 1127 4675 adjudicatum
1161 4601 1322 4682 deponere
1347 4616 1476 4683 paratus

215 4720 283 4771 erat
306 4707 578 4791 quinquagesimo
600 4728 633 4769 se
659 4708 763 4789 ipsum
783 4707 997 4783 juramentum
1016 4706 1190 4787 deponere,
1214 4708 1269 4768 sed
1294 4707 1333 4767 ad
1355 4708 1474 4789 suppli·

215 4814 380 4881 cntionem
404 4813 600 4897 prelatorum
619 4813 826 4874 dominorum
844 4814 1002 4874 baronum
1017 4812 1146 4893 Mathye
1164 4812 1270 4873 Gereb
1288 4828 1318 4873 et
1336 4811 1474 4935 Emerici
