3488 5272
255 345 312 402 182
617 344 818 416 Anno1459.
844 373 884 384 -
909 354 958 417 14.
983 339 1142 401 decembris.

250 572 309 614 suo
333 554 449 634 reperti
475 551 569 613 etad
602 550 736 611 domum
761 569 851 611 suam
884 549 1013 631 recepti,
1038 569 1074 611 ac
1106 549 1237 609 demum
1263 549 1392 630 perditi,
1416 549 1513 630 jurati

248 660 295 721 sic
328 658 603 737 adjudicaverunt,
635 657 722 739 quod
755 655 898 738 prelatus
929 656 1081 717 dominus
1112 655 1275 716 Barnabas
1306 654 1385 716 feria
1417 655 1517 717 tercia

248 768 464 847 juramentum
489 764 652 845 deponere
677 762 806 824 debebit
832 762 862 822 in
888 781 938 841 co,
964 774 999 823 ut
1023 774 1180 844 quantum
1205 761 1272 842 ipse
1296 780 1414 843 porcus
1437 781 1517 823 suus

248 872 359 949 valuit,
383 890 449 952 quo
473 869 632 951 deposito,
665 866 807 950 prefatus
830 867 986 928 Nicolaus
1010 867 1116 949 ipsum
1148 885 1283 949 porcum
1308 870 1434 932 solvere
1458 869 1516 930 de-

247 979 354 1054 bebit;
378 976 508 1038 demum
538 975 639 1037 eciam
665 975 732 1056 ipse
756 974 909 1035 Nicolaus
935 972 1081 1035 medicus
1103 973 1319 1055 juramentum
1351 975 1516 1058 deponere

247 1083 389 1160 debebit,
413 1095 569 1163 quantum
594 1081 662 1162 ipse
686 1098 803 1161 porcus
834 1079 1012 1160 dampnum
1036 1076 1112 1141 fecit
1136 1079 1168 1140 in
1205 1079 1275 1161 ipso
1300 1080 1419 1161 (h)orto
1443 1101 1515 1159 suo,

247 1208 313 1270 quo
337 1188 495 1270 deposito,
519 1184 659 1268 prelatus
683 1185 834 1246 dominus
859 1185 1021 1246 Barnabas
1037 1186 1142 1267 ipsum
1167 1185 1344 1268 dampnum
1369 1187 1430 1248 sibi
1448 1188 1514 1249 sol·

247 1314 321 1357 vere
345 1294 487 1355 debebit.

353 1417 431 1479 ltem
457 1435 516 1498 pro
533 1427 662 1476 moneta
686 1413 764 1476 falsa
782 1413 867 1497 apud
885 1413 1067 1475 iohannem
1084 1427 1226 1477 sutorem
1250 1430 1387 1498 reperta,
1403 1416 1514 1478 eidem

246 1543 303 1605 per
328 1523 428 1585 alium
453 1522 537 1598 data,
562 1522 630 1604 ipse
655 1520 872 1600 juramentum
904 1521 1091 1582 mettercius
1113 1522 1194 1583 seria
1225 1522 1323 1584 tercia
1348 1522 1514 1605 deponere

247 1630 389 1706 habebit,
421 1627 509 1710 quod
535 1629 602 1709 ipse
635 1646 699 1688 non
732 1626 793 1689 luit
824 1627 972 1688 conscius
1005 1627 1104 1709 ipsius
1136 1641 1266 1690 monete
1298 1626 1377 1689 false
1398 1642 1430 1689 et
1453 1648 1514 1691 nec

247 1738 353 1798 socius
375 1735 416 1796 ad
441 1735 589 1797 eandem.

353 1840 431 1902 ltem
456 1840 592 1902 Cosmas
616 1840 821 1901 barbitonsor
845 1837 923 1901 feria
940 1840 1037 1901 tercia
1061 1855 1172 1902 contra
1185 1839 1386 1902 Anthonium
1405 1842 1513 1904 Kokal

247 1949 462 2029 juramentum
488 1948 519 2008 in
545 1966 584 2008 eo
609 1946 771 2029 deponere
804 1945 946 2024 habebit,
970 1946 1059 2028 quod
1091 1966 1150 2008 nec
1174 1947 1241 2028 ipse
1267 1966 1325 2008 nec
1350 1968 1430 2010 uxor
1453 1968 1512 2009 aua

245 2053 426 2117 abeodem
452 2052 614 2136 quandam
640 2053 810 2135 pecuniam
835 2072 900 2114 non
929 2054 1094 2114 subtraxit.

352 2179 429 2240 ltem
455 2179 671 2259 juramentum
696 2176 785 2258 quod
811 2176 940 2238 Granda
973 2196 1047 2237 cum
1079 2178 1148 2239 viro
1171 2197 1231 2239 suo
1254 2191 1365 2239 contra
1390 2178 1512 2261 Zthoy·

246 2288 364 2347 konem
389 2285 518 2346 racione
542 2284 708 2345 cuiusdam
733 2284 829 2344 vestis
849 2283 995 2344 mulieris
1011 2283 1173 2365 deponere
1198 2283 1337 2345 habebat
1360 2283 1512 2366 deposuit

247 2393 332 2472 juxta
356 2391 635 2472 adjudicationem
658 2390 718 2451 sibi
746 2389 972 2469 adjudicatam.

349 2496 427 2558 ltem
460 2495 638 2578 Termsych
671 2511 781 2557 contra
814 2495 968 2557 Mathiam
1000 2492 1127 2556 fabrum
1161 2494 1376 2572 iuramentum
1403 2497 1435 2558 io
1469 2517 1511 2560 eo

243 2604 406 2685 deponere
431 2603 571 2680 habebit,
596 2601 685 2683 quod
710 2603 776 2683 ipse
802 2601 841 2662 de
867 2601 957 2662 milio
988 2621 1053 2663 non
1077 2602 1272 2683 plusquam
1297 2622 1394 2664 unam
1412 2622 1510 2685 quar·

242 2725 308 2772 tam
332 2710 462 2791 recepit,
486 2728 552 2790 quo
577 2708 736 2789 deposito,
761 2706 902 2789 prefatus
920 2707 1057 2769 Mathias
1081 2709 1186 2790 ipsum
1211 2709 1337 2770 milium
1363 2709 1510 2772 tritulare

243 2818 349 2893 debet,
373 2817 464 2877 cuius
488 2815 694 2877 medietatem
721 2816 787 2896 ipse
811 2814 979 2875 Termsich
998 2815 1141 2896 recipiet,
1165 2815 1323 2897 reliquam
1341 2835 1418 2877 vero
1442 2836 1511 2877 me·

243 2924 394 2984 dietatem
421 2920 562 3004 prelatus
586 2921 739 2991 blathias;
764 2921 825 2981 hoc
849 2936 955 2981 autem
981 2921 1197 3000 juramentum
1222 2922 1404 3004 deponetur
1427 2920 1507 2984 feria

243 3044 331 3090 sexta
358 3029 501 3110 proxima
527 3042 598 3108 post
627 3026 740 3087 festum
768 3027 1020 3108 Epiphaniarum
1046 3026 1189 3090 Domini.

348 3151 424 3213 Item
452 3150 627 3231 Gregorius
658 3151 867 3212 ll'recharich
901 3165 1011 3213 contra
1044 3151 1216 3212 Nicolaum
1247 3165 1389 3213 sutorem
1425 3150 1505 3213 feria

242 3275 328 3319 sexta
353 3273 425 3339 post
449 3256 563 3318 festum
590 3257 844 3339 Epiphaniarum
872 3257 1004 3317 Domini
1037 3257 1254 3336 juramentum
1286 3257 1317 3318 in
1343 3276 1382 3318 eo
1407 3257 1508 3340 depo·

242 3384 314 3425 nere
340 3364 481 3433 habebit,
506 3363 594 3444 quod
621 3365 686 3444 ipse
711 3363 839 3444 penitus
859 3362 958 3423 nichil
976 3363 1137 3443 obligatur
1162 3362 1286 3445 prelato
1311 3364 1461 3425 Nicolao.

347 3488 424 3548 ltem
450 3507 577 3547 causant
604 3487 686 3547 inter
712 3486 887 3568 Symonem
920 3503 1063 3548 sutorem
1096 3503 1126 3548 et
1152 3488 1338 3549 Ladislaum
1364 3488 1506 3552 Czaran·

240 3595 378 3655 tbouiclr
405 3614 458 3674 per
485 3595 603 3663 iuratos
628 3595 755 3654 racione
785 3595 1001 3674 quorumdam
1036 3596 1268 3676 vituperiorum
1293 3614 1328 3656 ac
1354 3597 1505 3677 potencie

240 3720 336 3780 super
374 3702 476 3780 ipsunt
504 3701 685 3760 ladislaum
719 3702 924 3781 proclamare,
956 3699 1096 3782 prelatus
1125 3701 1291 3763 Ladislaus
1323 3703 1502 3784 appellavit

239 3806 278 3865 ad
304 3807 445 3865 seniores
472 3806 602 3871 iudices.

347 3931 422 3990 ltenr
450 3951 576 3990 cntrsanr
603 3933 684 3991 inter
710 3930 887 4011 Georgium
905 3947 935 3991 et
959 3933 1074 3992 lansek
1100 3933 1229 3993 racione
1247 3932 1415 3994 cuiusdam
1433 3952 1504 4015 per-

239 4037 395 4096 cussionis
428 4038 571 4095 mulieris
597 4039 695 4116 ipsius
728 4037 872 4116 Georgii.
905 4038 996 4103 iurati
1030 4039 1074 4097 sic
1106 4037 1383 4116 adjudicaverunt,
1414 4040 1504 4120 quod

238 4144 313 4222 quin
340 4141 479 4221 prelatus
512 4144 625 4202 lansek
660 4144 828 4203 ntulierenr
863 4145 961 4224 ipsius
994 4142 1125 4223 Georgii
1159 4144 1324 4225 percussit,
1357 4144 1432 4207 ideo
1456 4161 1505 4207 est

238 4250 403 4307 corrrictns
429 4250 459 4307 in
488 4248 574 4307 XXV
606 4251 711 4329 pensis
744 4250 949 4310 denariorum
984 4265 1092 4309 contra
1125 4251 1229 4330 ipsum
1256 4248 1449 4331 Georgium,
1472 4263 1504 4312 et

240 4355 348 4421 iuratis
374 4354 409 4415 Υ,
437 4356 552 4434 pensis.

345 4479 419 4539 ltenr
456 4480 640 4538 limniscus
673 4480 840 4559 lsruclriclr
875 4497 983 4540 contra
1017 4499 1148 4540 uxorem
1184 4480 1338 4562 Symonis
1383 4479 1504 4543 Kwhar

241 4583 360 4664 prelata
387 4584 461 4644 lerin
486 4602 569 4644 setta
597 4588 809 4647 iuramentum
840 4589 967 4647 racione
1000 4588 1167 4647 cuiusdam
1193 4587 1325 4648 lesionis
1347 4607 1406 4649 seu
1429 4587 1500 4649 vul·

238 4693 321 4749 neris
347 4707 408 4749 uret
434 4695 549 4751 tercius
573 4694 631 4751 sibi
658 4694 817 4752 similibus
843 4695 872 4752 in
900 4714 938 4752 eo
966 4694 1126 4773 deponere
1150 4694 1294 4770 debebit,
1317 4694 1407 4776 quod
1430 4694 1500 4777 ipae

238 4798 337 4878 ipsanr
364 4798 519 4857 lesionem
538 4818 593 4859 scu
617 4800 733 4859 vulnus
758 4802 816 4880 ipsr
835 4800 960 4860 nrulieri
987 4818 1050 4861 non
1081 4798 1161 4889 lecit
1179 4818 1239 4863 uec
1258 4798 1399 4865 undem
1413 4796 1500 4865 luit.
