3488 5272
238 352 301 414 324
600 336 685 392 Anno
709 338 798 411 1467.
829 370 868 379 -
892 348 941 412 27.
965 336 1137 398 novembris.

239 544 334 605 radus
371 545 518 622 Rau'sar,
555 544 667 624 judex,
701 546 826 606 nullum
861 547 1080 608 testimonium
1122 549 1250 609 racione
1288 548 1365 609 dicti
1401 549 1510 611 debiti

238 651 347 712 decem
374 651 442 713 tlor.
467 651 534 713 auri
561 672 667 712 coram
694 653 787 712 nobis
818 652 977 713 adducere
1003 655 1118 735 potuit,
1152 655 1225 715 ideo
1249 654 1341 732 iurati
1367 656 1506 717 racione

239 757 391 837 premissa
417 757 557 836 ipsorum
584 757 693 819 decem
720 757 789 819 flor.
815 759 918 819 taliter
948 758 1183 838 adjudicarunt,
1216 760 1303 841 quod
1329 761 1406 840 qnia
1432 780 1508 843 pre·

238 860 320 923 latus
345 862 515 924 Conradus
538 863 673 941 judexa
707 880 850 945 tempore
883 880 955 926 octo
985 886 1144 927 annorum
1177 867 1318 948 citraque
1343 868 1394 928 vel
1419 868 1507 929 ultra

239 988 452 1046 excessorum,
478 971 562 1030 bona
581 984 610 1029 et
636 973 853 1050 possessiones
874 972 973 1039 ipsius
997 972 1133 1033 condam
1154 972 1301 1054 Gregorii
1326 988 1399 1055 post
1417 992 1506 1036 mor·

237 1089 302 1135 tem
329 1075 437 1156 ipsius,
462 1075 546 1157 apud
572 1095 709 1155 quorum
736 1097 849 1138 manus
874 1076 1002 1139 luerunt
1030 1093 1060 1139 et
1085 1099 1141 1159 per
1166 1098 1247 1160 quos
1271 1080 1401 1140 vendite
1433 1078 1505 1141 lue·

238 1195 311 1242 runt
345 1201 409 1242 non
442 1182 667 1263 prohibuisset,
700 1183 755 1243 sed
789 1184 878 1245 litere
912 1185 993 1245 dicte
1027 1185 1163 1246 civitatis
1195 1186 1259 1247 illis
1289 1186 1344 1267 qui
1369 1186 1504 1247 easdem

238 1301 384 1349 emerunt
407 1288 505 1349 libere
539 1304 684 1348 emanare
721 1305 751 1350 et
783 1290 943 1350 extradate
976 1289 1116 1369 luerunt,
1148 1308 1316 1374 propterea
1349 1292 1504 1373 quitquid

239 1393 360 1475 prefata
385 1394 516 1455 domina
543 1394 715 1454 Katherina
735 1395 773 1454 de
799 1397 1056 1476 possessionibus
1081 1398 1222 1458 ethonis
1246 1397 1345 1479 ipsius
1360 1398 1503 1459 condam

238 1499 385 1580 Gregorii
410 1501 518 1581 generi
544 1501 591 1561 sui
617 1502 657 1561 ab
682 1501 745 1560 illis
769 1502 854 1581 apud
879 1522 1018 1582 quorum
1052 1523 1166 1564 manus
1190 1503 1319 1564 luerunt
1342 1504 1503 1565 emisisset

237 1619 268 1667 et
293 1621 422 1688 propter
445 1627 501 1667 sua
527 1605 633 1667 debita
659 1607 860 1684 obtinuisset,
885 1608 945 1669 hoc
964 1609 1048 1669 licite
1073 1623 1104 1670 et
1129 1606 1235 1670 debite
1260 1608 1410 1690 optinuit,
1428 1628 1504 1690 pos·

238 1713 319 1774 sidet
344 1728 375 1775 et
397 1728 506 1775 tenere
539 1728 653 1793 potest,
678 1717 720 1774 oh
753 1714 813 1774 hoc
847 1715 906 1795 ipsi
939 1715 1032 1793 jurati
1059 1715 1116 1796 ipsi
1151 1715 1303 1777 Conrado
1328 1716 1461 1776 Rawsar
1484 1736 1504 1777 a

239 1820 466 1902 prosecucione
492 1821 634 1901 ipsorum
667 1820 779 1881 decem
808 1820 876 1882 flor.
910 1823 949 1882 ab
975 1823 1040 1903 ipsa
1074 1822 1205 1883 domina
1232 1823 1403 1882 Katherina
1430 1841 1503 1903 per·

238 1942 369 2008 petuum
396 1927 563 1988 silencium
591 1927 823 2008 inposuissent,
858 1928 896 1988 de
922 1947 986 2007 quo
1012 1927 1131 2007 judicio
1157 1928 1298 2009 ipsorum
1323 1927 1503 2007 juratorum

237 2034 304 2116 ipse
337 2034 506 2096 Conradus
538 2034 632 2114 judex
665 2055 730 2095 non
763 2050 931 2096 contentus
963 2036 1098 2095 eandem
1134 2055 1260 2096 causam
1294 2034 1333 2095 ad
1357 2035 1504 2096 seniores

239 2140 323 2203 dicte
348 2141 484 2202 civitatis
508 2141 683 2222 appellavit
708 2142 838 2217 judices.

344 2248 420 2308 ltem
447 2268 574 2308 causam
600 2248 681 2308 inter
706 2248 907 2308 Anthonium
925 2263 1078 2323 sutorem,
1104 2249 1261 2308 seniorem
1281 2248 1429 2327 juratum,
1447 2268 1508 2329 ge-¹

239 2373 351 2414 nerum
377 2353 513 2414 condam
538 2353 694 2414 Anthonii
719 2354 873 2414 institoris
897 2370 927 2415 ct
951 2356 1032 2414 inter
1061 2354 1259 2434 Stephanum
1285 2369 1425 2414 sutorem
1453 2375 1501 2415 ra-

239 2460 331 2520 cione
356 2460 496 2520 violente
529 2460 726 2540 recepciunis
757 2460 921 2520 cuiusdam
955 2459 1020 2520 fimi
1053 2480 1108 2539 per
1132 2460 1270 2520 eundem
1299 2459 1499 2540 Stephanum

237 2579 390 2639 sutorem,
415 2584 512 2645 quam
538 2566 758 2646 recepcionem
778 2566 876 2646 ipsius
894 2565 958 2626 limi
986 2566 1052 2645 ipse
1072 2565 1253 2646 Stephanus
1278 2585 1341 2625 non
1361 2566 1501 2644 negavit,

239 2671 312 2730 ideo
337 2670 428 2748 jurati
454 2670 592 2730 eundem
618 2671 816 2752 Stephanum
842 2686 982 2731 sutorem
1002 2685 1110 2731 contra
1136 2671 1274 2731 cundem
1300 2670 1500 2731 Anthonium

240 2791 379 2836 sutorem
407 2777 534 2837 racione
558 2778 716 2838 violencie
742 2779 838 2858 ipsius
871 2778 934 2838 limi
963 2779 992 2837 in
1028 2778 1137 2837 decem
1165 2779 1279 2838 marcis
1304 2779 1334 2837 in
1361 2778 1501 2857 hirsagio

240 2883 518 2963 condempnatum
543 2897 574 2943 et
598 2899 798 2963 agravarunt.

345 2990 419 3049 ltem
447 2991 574 3049 racione
601 2991 816 3070 quorumdam
842 3010 981 3050 asserum
1008 3010 1089 3070 epuns
1116 2991 1181 3070 ipse
1207 2989 1389 3049 Anthonius
1413 3004 1502 3050 sutor

238 3116 293 3175 per
320 3096 458 3155 eundem
485 3096 682 3176 Stephanum
709 3097 766 3156 sihi
793 3098 968 3177 suspiciose
987 3113 1187 3178 receptorum
1213 3097 1423 3177 proponebat,
1442 3116 1501 3176 pro

237 3202 354 3280 quihus
379 3202 537 3261 asseribus
561 3202 665 3262 eidem
693 3201 855 3282 Stephano
891 3203 989 3262 sutori
1018 3202 1108 3273 jurati
1144 3201 1220 3262 l'cria
1245 3216 1330 3262 sexta
1355 3202 1500 3282 proxime

239 3322 370 3366 ventura
397 3307 609 3380 juramentum
627 3308 754 3367 solimet
780 3309 809 3367 in
832 3329 883 3367 ara
902 3323 1007 3368 sancte
1027 3309 1139 3367 Crucis
1157 3308 1392 3384 adjudicarunt,
1411 3310 1499 3386 quod

239 3414 303 3492 ipse
330 3413 359 3472 in
387 3415 572 3494 recepcione
599 3415 739 3494 ipsorum
765 3434 904 3474 asserum
931 3416 1056 3496 penitus
1082 3415 1222 3474 inmunis
1248 3429 1338 3489 esset,
1357 3435 1413 3474 nec
1431 3434 1500 3473 eos-

238 3520 310 3579 clem
338 3520 403 3600 ipse
429 3522 482 3580 sed
510 3542 566 3581 nec
592 3522 739 3581 homines
763 3522 810 3580 sui
837 3542 900 3580 non
936 3521 1137 3600 recepissent,
1164 3536 1301 3602 prestare
1328 3521 1499 3583 tenebitur.

239 3626 313 3685 ltcm
340 3627 483 3686 debitum
517 3628 642 3688 racione
678 3628 879 3708 ‹lepascionis
912 3627 991 3686 milii
1026 3648 1081 3707 per
1114 3628 1217 3707 ipsunt
1244 3628 1442 3708 Stephanum
1469 3643 1499 3689 et

238 3753 292 3792 sua
319 3734 471 3793 attimalia
498 3733 587 3810 lacte,
605 3735 778 3794 terminum
797 3735 972 3793 solutionis
989 3735 1121 3793 tercium
1141 3735 1226 3793 diem
1245 3735 1500 3808 constituisseut;

238 3838 365 3918 dequo
401 3840 519 3914 judicio
553 3841 693 3921 ipsorum
716 3841 891 3919 juratorum
926 3842 990 3920 ipse
1017 3840 1196 3920 Stephanus
1230 3862 1293 3900 non
1320 3855 1499 3917 contentus,

237 3945 371 4005 eandem
398 3966 523 4006 causam
550 3948 588 4005 ad
615 3947 755 4006 seniores
779 3947 954 4028 appellavit
980 3947 1112 4025 judices.

372 4181 464 4255 leria
495 4195 591 4255 sexta
621 4184 773 4273 proxima
802 4198 878 4273 post
907 4186 1027 4256 festum
1057 4187 1152 4254 lteate
1182 4185 1372 4255 llatherine.

739 4342 803 4414 (27.
828 4340 1009 4404 novembris).

347 4479 421 4539 ltem
449 4500 573 4540 causam
601 4480 681 4540 inter
707 4479 904 4539 Dentetrium
933 4478 1043 4537 Pulcer
1076 4476 1207 4551 «lictum,
1239 4476 1275 4533 tle
1302 4476 1446 4551 llahuch,
1472 4490 1502 4536 et

239 4587 319 4645 inter
345 4586 497 4646 Mathiam
523 4602 675 4646 sartorem
706 4606 860 4663 generum
887 4584 1014 4644 llntlree
1037 4581 1244 4662 Sturnos-ch,
1269 4583 1419 4642 concives
1444 4602 1500 4642 no-

239 4707 329 4767 stros,
355 4693 481 4751 racione
499 4693 663 4753 cuiusdam
683 4692 793 4765 debiti,
818 4712 883 4771 qno
905 4690 1014 4749 ‹lebito
1033 4688 1192 4767 Georgius
1216 4684 1422 4766 lelowchvch
1442 4689 1499 4767 ipsi

241 4799 352 4859 Palecz
377 4800 590 4880 obligabatur,
608 4819 665 4880 pro
683 4798 882 4881 quoquhlem
900 4797 1009 4857 debito
1034 4796 1124 4876 jurati
1143 4794 1226 4854 dicte
1245 4786 1384 4850 civitatis
1401 4814 1499 4875 quan·
