3488 5272
241 281 305 362 376
600 281 687 338 Anno
710 287 801 356 1470.
825 311 870 322 -
892 292 946 355 24.
970 278 1138 338 novembris.

241 490 436 574 Gywrkonis
460 491 576 552 sutoris
600 489 727 550 racione
753 488 883 550 lesionis
904 489 1003 571 ipsius
1027 489 1111 551 Petri
1134 491 1275 575 Dragyn,
1299 491 1367 574 ipse
1392 490 1512 553 Valen-

241 596 327 657 tinus
351 596 453 677 jurare
478 596 638 657 tenebitur
656 595 849 673 terciusmet,
874 594 962 676 quod
988 595 1053 677 ipse
1080 616 1148 658 non
1167 597 1238 658 lesit
1262 597 1414 676 eundem,
1430 594 1509 659 leria

240 703 337 763 tercia
363 716 434 783 post
458 702 654 777 Katherine;
686 714 716 762 et
741 701 817 762 dum
842 701 959 780 jurabit
990 715 1065 763 tuuc
1092 703 1159 785 ipse
1191 704 1303 765 Petrus
1327 703 1511 765 remanebit

243 808 348 870 eidem
373 808 546 870 Valentino
572 809 604 868 in
630 807 741 868 decem
765 807 872 889 pensis
896 821 926 869 et
951 807 1061 887 juratis
1087 809 1120 870 in
1146 809 1290 891 quinque
1315 810 1432 893 pensis.

347 914 424 975 ltem
449 933 577 975 causam
603 915 684 974 inter
702 914 892 995 Myrkonem
919 927 950 975 et
973 914 1055 975 inter
1074 915 1235 995 Pangracz
1257 916 1386 979 racione
1403 916 1509 978 cuius·

241 1020 315 1080 dam
341 1035 432 1098 terre,
457 1020 549 1101 jurati
576 1018 805 1081 confirmarunt
829 1019 985 1098 judicium
1005 1020 1171 1083 Michaelis
1199 1021 1304 1102 jurati,
1330 1023 1418 1104 quod
1441 1043 1508 1085 uon

240 1140 365 1187 tenetur
389 1125 493 1186 eidem
524 1127 708 1207 terragium.

347 1233 423 1294 Item
450 1233 525 1313 quia
551 1233 675 1294 Blasius
699 1232 793 1315 judex
819 1232 913 1294 debet
944 1232 1046 1312 jurare
1072 1234 1232 1296 solusmet
1267 1235 1298 1296 in
1322 1254 1375 1297 ara
1400 1250 1508 1297 sancte

241 1338 354 1400 Crucis
368 1340 456 1419 quod
472 1339 607 1401 Michael
620 1339 874 1400 Methauhawser
889 1352 1013 1401 tenetur
1024 1340 1128 1401 eidem
1146 1340 1391 1421 quatuordecim
1409 1339 1510 1405 funtis

239 1446 458 1523 denariorum,
482 1446 586 1506 eidem
605 1446 864 1528 inpignoraverat
888 1446 1021 1507 domum
1047 1446 1129 1507 circa
1146 1447 1340 1528 porticulam
1363 1447 1402 1508 ad
1421 1467 1507 1509 cam-

239 1572 315 1634 pum
329 1573 337 1628 ;
352 1552 390 1612 de
416 1572 481 1633 quo
495 1552 614 1632 judicio
625 1552 766 1634 ipsorum
784 1551 959 1631 juratorum
975 1552 1150 1635 Dyonisius
1161 1552 1328 1634 Sypchych
1347 1566 1378 1615 et
1404 1553 1504 1636 Elyas

239 1657 328 1719 fusor
352 1677 580 1739 campanarum
604 1677 669 1718 non
688 1659 841 1735 contenti,
866 1658 1069 1739 appellarunt
1092 1658 1131 1719 ad
1156 1658 1298 1720 seniores
1322 1657 1454 1739 judices.

344 1764 420 1825 ltem
446 1783 572 1824 causam
600 1764 681 1824 inter
705 1763 828 1824 Jellram
855 1764 1093 1846 Mlynaryczam
1119 1778 1149 1826 et
1177 1765 1259 1826 inter
1284 1764 1399 1846 Elyam
1425 1766 1505 1827 Bor-

239 1870 354 1953 dulycz
379 1870 506 1931 racione
532 1869 780 1951 vitupetacionis
811 1885 842 1930 et
874 1870 1009 1930 eandem
1036 1869 1207 1951 allegando
1247 1871 1450 1932 meretricem
1476 1886 1508 1933 et

238 1977 307 2037 eius
331 1976 620 2051 dehonestacionis‚
645 1975 738 2055 jurati
758 1974 992 2056 adjudicarunt,
1016 1977 1103 2057 quod
1122 1976 1187 2057 ipsa
1217 1975 1321 2055 jurare
1345 1978 1507 2040 tenebitur

238 2083 402 2144 terciamet
426 2083 456 2143 in
482 2103 534 2143 ara
560 2088 669 2142 'sancte
695 2082 809 2143 Crucis
841 2081 919 2142 feria
944 2083 1039 2143 tercia
1072 2082 1218 2164 proxime
1247 2096 1391 2162 ventura,
1415 2085 1504 2165 quod

239 2191 304 2272 ipsa
330 2210 394 2250 non
422 2190 501 2250 dixit
525 2190 629 2250 eidem
657 2189 735 2270 Elye
761 2189 849 2269 quod
875 2189 941 2268 ipse
968 2188 1077 2250 fuisset
1102 2188 1240 2249 infidelis
1267 2189 1402 2250 domino
1426 2209 1505 2268 su03

239 2310 269 2357 et
293 2296 370 2356 dum
395 2294 512 2375 jurabit
536 2309 611 2355 tunc
637 2296 703 2376 ipse
722 2295 818 2376 Elyas
842 2295 1020 2355 remanebit
1045 2310 1154 2355 contra
1177 2294 1313 2355 eandem
1342 2294 1502 2357 indecem

238 2403 345 2484 pensis
370 2416 400 2461 et
424 2401 521 2481 judici
547 2421 619 2461 cum
645 2400 753 2478 juratis
778 2415 906 2462 centum
931 2401 1080 2462 denariis.

345 2508 420 2568 ltem
447 2527 575 2568 causum
602 2508 684 2568 inter
707 2507 909 2568 Clementem
928 2506 1124 2568 aurifabrum
1151 2522 1182 2569 et
1207 2507 1392 2590 Philippum
1417 2509 1502 2570 auri·

239 2615 363 2676 labrum
390 2616 516 2674 racione
543 2612 710 2673 fraccionis
727 2613 894 2674 cuiusdam
919 2613 1018 2691 anuli,
1043 2613 1136 2693 jurati
1154 2614 1388 2695 adjudicarunt,
1413 2615 1502 2696 quod

239 2722 305 2803 ipse
332 2720 498 2800 Philippus
523 2719 625 2799 jurare
651 2720 810 2780 tenebitur
839 2719 994 2780 solusmet
1019 2720 1050 2779 in
1076 2740 1128 2781 ara
1153 2736 1261 2782 sancte
1288 2721 1400 2783 Crucis
1424 2720 1503 2784 feria

238 2827 332 2888 tercia
359 2827 502 2907 proxime
528 2840 673 2903 ventura,
696 2826 783 2906 quod
804 2827 869 2907 ipse
894 2846 958 2886 non
984 2823 1077 2906 fregit
1102 2827 1240 2887 eundem
1269 2828 1413 2889 anulum.

345 2933 421 2994 ltem
448 2953 540 2993 causa
567 2934 648 2993 inter
665 2932 867 2993 Clementem
887 2932 1082 2993 aurifabrum
1098 2948 1128 2993 et
1146 2934 1226 2994 inter
1253 2934 1395 2995 Blasium
1415 2934 1497 2995 insti·

237 3055 340 3101 torem
366 3041 493 3100 racione
519 3041 766 3121 vitupetacionis
791 3055 960 3120 prorogata
986 3054 1032 3100 est
1056 3040 1095 3099 ad
1125 3040 1264 3119 primum
1291 3040 1456 3117 judicium.

344 3147 420 3206 ltem
447 3147 574 3227 Mycula
608 3147 771 3228 lagodych
803 3146 993 3206 secundario
1019 3146 1131 3206 citatus
1163 3161 1271 3207 contra
1299 3146 1499 3208 Anthonium

238 3267 390 3329 sutorem,
415 3254 572 3312 seniorem
592 3252 742 3331 juratum,
767 3252 956 3313 secundario
983 3254 1095 3313 citatus
1121 3273 1183 3312 non
1203 3255 1383 3333 comparuit
1409 3254 1438 3314 in
1453 3253 1500 3333 ju-

238 3359 324 3419 dicio
349 3378 456 3419 coram
483 3360 585 3420 nobis.

344 3465 420 3524 ltem
446 3466 520 3544 quia
553 3464 712 3543 Georgius
737 3462 866 3522 l’rezwh
900 3478 929 3523 et
962 3463 1046 3524 lilius
1072 3466 1245 3547 Peczthycz
1278 3480 1387 3526 contra
1427 3466 1500 3527 Phi-

240 3570 363 3651 lippum
385 3569 497 3629 Gvden
517 3570 621 3651 prImo
638 3570 761 3646 citatus,
787 3588 850 3629 non
873 3572 1052 3651 comparuit
1070 3571 1100 3629 in
1119 3571 1239 3649 judicio
1265 3592 1372 3633 coram
1390 3573 1494 3634 nobis.

317 3808 462 3878 Sabbato
492 3810 644 3896 proximo
673 3819 750 3879 ante
775 3809 896 3879 festum
925 3810 1021 3879 beate
1051 3809 1234 3880 lietheriue
1264 3810 1414 3898 virginis.

731 3959 797 4038 (24.
823 3961 1009 4039 norrembris).

343 4103 419 4163 ltem
454 4121 580 4162 causam
614 4102 694 4161 inter
726 4120 857 4162 uxorem
891 4103 1000 4162 Jacobi
1035 4102 1150 4162 sutoris
1183 4119 1212 4163 et
1249 4103 1330 4162 inter
1355 4102 1497 4162 Su'sltam

237 4208 495 4285 candelutricem‚
519 4208 684 4268 concivem
716 4223 867 4284 nostram,
893 4208 1020 4268 racione
1054 4208 1219 4269 cuiusdam
1248 4209 1322 4290 palii
1349 4209 1499 4269 etunius

236 4316 355 4393 tunice,
379 4316 467 4396 quod
493 4315 614 4397 palium
640 4329 670 4375 et
693 4315 832 4374 tunicam
859 4315 924 4394 ipse
944 4316 1081 4375 lacobus
1107 4315 1233 4377 dicebat
1259 4317 1324 4397 ipse
1350 4335 1404 4375 sue
1423 4335 1497 4376 con-

236 4423 311 4483 sorti
337 4436 481 4502 tempore
507 4422 725 4502 copulacionis
749 4440 804 4481 sue
830 4421 896 4480 dari
926 4422 1127 4501 promisisse,
1164 4437 1194 4481 et
1220 4442 1275 4503 per
1300 4422 1419 4500 juratos
1443 4422 1497 4481 ad·

237 4527 407 4605 judicatam
434 4527 538 4588 eidem
567 4528 654 4587 uxori
682 4527 789 4587 ,iacobi
817 4527 984 4604 extrudari,
1010 4541 1039 4588 et
1064 4528 1102 4587 ab
1128 4527 1242 4587 eodem
1270 4527 1389 4607 judicio
1416 4529 1496 4608 jura-

238 4650 342 4695 torum
369 4634 434 4715 ipso
450 4634 551 4694 Susha
576 4633 614 4694 ad
633 4653 691 4694 nos
715 4633 889 4714 appellavit
918 4634 1059 4693 seniores
1076 4632 1198 4711 judices
1220 4632 1358 4694 dicendo
1384 4635 1495 4694 eadem

238 4740 350 4816 Suska‚
376 4739 462 4820 quod
482 4739 549 4821 ipsa
574 4759 633 4800 nec
657 4740 748 4801 aliter
765 4739 893 4801 emisset
910 4738 969 4800 nisi
987 4738 1026 4799 ad
1052 4739 1239 4821 porcionem
1257 4740 1495 4817 possessionum
