3488 5272
282 359 321 416 62
658 358 746 417 Anno
768 370 859 435 1454.
885 393 927 402 -
952 372 997 418 11.
1014 357 1169 433 januarii.

283 569 515 631 clamacionem
550 590 605 652 per
637 590 793 653 precones
824 584 951 633 nostros
982 589 1171 632 communes
1201 569 1373 652 superinde
1398 583 1428 632 et
1459 588 1546 632 com·

282 675 436 737 missione
461 690 568 737 nostra
593 677 758 738 communi
784 681 912 754 iactam,
936 676 1053 738 nullibi
1071 676 1207 737 inveniri
1232 695 1291 738 nec
1307 677 1414 738 resciri
1431 676 1547 759 potuit,

283 782 421 864 ideoque
447 802 506 844 nos
538 783 674 845 eandem
709 798 825 845 terram
858 783 1011 844 arabilem
1036 783 1067 844 in
1093 783 1256 845 vicinitate
1286 781 1467 865 supradicta
1493 782 1547 845 ha-

281 889 392 967 bitam,
417 909 489 951 cum
515 890 668 951 omnibus
691 890 757 951 suis
787 889 980 952 utilitatibus
1005 903 1035 951 et
1059 889 1265 971 pertinenciis
1289 889 1446 951 universis
1476 909 1548 972 pre·

285 996 379 1058 dictis
402 1001 495 1057 Anne
520 996 648 1058 mulieri
673 1011 703 1058 et
721 996 820 1058 Elene
845 996 959 1077 virgini
984 995 1049 1057 filie
1066 1015 1121 1057 sue
1147 997 1302 1078 premisso
1327 995 1394 1076 jure
1422 995 1547 1059 heredi-

280 1103 362 1165 tario
387 1103 463 1185 ipsis
487 1103 686 1166 incumbenti
722 1124 758 1165 ex
784 1103 912 1165 instanti
938 1117 969 1165 et
991 1101 1196 1185 juriconsona
1221 1103 1361 1185 ipsarum
1386 1101 1547 1186 peticione

282 1229 317 1271 ac
341 1229 398 1292 per
415 1230 467 1272 eas
492 1210 633 1292 ipsarum
652 1209 825 1272 heredibus
850 1210 950 1271 literis
967 1209 1083 1271 nostris
1100 1209 1354 1291 privilegialibus
1377 1209 1547 1271 statuimus

281 1330 311 1378 et
336 1315 598 1378 confirmavimus
630 1315 698 1397 jure
731 1330 888 1398 perpetuo
917 1330 947 1378 et
979 1316 1231 1378 irrevocabiliter
1262 1315 1491 1399 possidendam
1515 1329 1547 1378 et

281 1422 590 1504 quomodocumque
615 1424 776 1485 voluerint
798 1423 1033 1502 disponendam
1057 1422 1144 1504 juxta
1161 1421 1385 1484 condicionem
1410 1421 1547 1484 civitatis

280 1527 422 1610 predicte
448 1530 487 1590 ab
512 1529 645 1611 antiquo
670 1531 891 1611 approbatam.

387 1635 465 1697 ltem
491 1636 636 1697 Thomas
669 1635 803 1697 Cheden
838 1649 947 1698 contra
980 1636 1172 1718 Dyonisium
1206 1634 1371 1718 Wodopia
1403 1635 1546 1697 secundo

282 1741 395 1802 citatus
419 1761 483 1803 non
509 1743 699 1824 comparuit.

300 1976 396 2051 Feria
425 1989 522 2052 sexta
544 1985 696 2070 proxima
717 1993 792 2070 post
820 1983 941 2053 lestum
962 1982 1051 2052 beati
1081 1980 1175 2052 Pauli
1204 1982 1305 2070 primi
1335 1979 1514 2052 Heremite.

682 2137 744 2207 (11.
760 2136 912 2211 junuarii,
934 2154 1003 2194 ann.
1030 2137 1132 2212 1454).

388 2272 465 2335 ltem
492 2275 567 2354 quia
593 2275 717 2336 Blasius
750 2275 834 2337 lilius
864 2276 999 2337 condam
1027 2276 1189 2338 Valentini
1220 2275 1409 2357 carpentarii
1443 2275 1546 2337 dictus

283 2379 465 2462 Kyrenych,
491 2381 639 2441 inventus
663 2396 709 2442 est
734 2384 765 2443 in
799 2381 971 2444 manifesto
1004 2382 1166 2443 lurticinio
1192 2398 1349 2444 certarum
1375 2400 1481 2443 rerum
1515 2395 1545 2443 et

281 2486 441 2546 bonorum
467 2507 501 2548 ac
527 2488 736 2569 pecuniarum
754 2489 881 2549 discreti
901 2488 955 2550 viri
975 2489 1098 2551 domini
1121 2488 1274 2550 lobannis
1292 2488 1458 2569 presbiteri
1474 2507 1545 2570 pre·

282 2592 425 2652 bendarii
459 2592 546 2653 chori
579 2594 712 2655 ecclesie
745 2595 844 2655 sancti
877 2595 960 2675 regis
993 2595 1159 2677 Stephani,
1190 2610 1221 2656 et
1246 2593 1400 2656 iohannis
1431 2592 1546 2674 judicis

280 2699 355 2760 dicti
383 2699 567 2782 Peronych,
593 2720 673 2781 quas
698 2701 783 2762 idem
801 2701 926 2762 Blasius
949 2702 980 2762 in
1007 2702 1105 2763 domo
1124 2702 1223 2783 ipsius
1240 2700 1363 2763 domini
1390 2699 1545 2762 lobannis

281 2805 447 2885 presbiteri
473 2821 503 2866 ct
528 2807 558 2867 in
577 2807 676 2869 domo
701 2809 839 2888 quadam
858 2808 1103 2870 dictilohannis
1128 2807 1251 2888 judicis,
1270 2807 1324 2869 ubi
1350 2805 1541 2868 ferramenta

281 2911 425 2973 aratralia
458 2913 602 2975 eiusdem
635 2914 789 2976 iohannis
831 2914 945 2994 judicis
974 2929 1146 2992 steterunt,
1186 2914 1358 2991 subtraxit,
1392 2932 1454 2994 que
1492 2932 1542 2973 res

282 3017 380 3098 ipsius
413 3019 535 3080 domini
569 3021 723 3081 lohannis
755 3022 919 3102 presbiteri
952 3036 1026 3082 sunt
1057 3022 1184 3082 invente
1218 3021 1298 3081 circa
1325 3020 1452 3082 Petrum
1478 3039 1541 3080 sar·

280 3140 380 3186 torem
407 3140 437 3188 et
463 3128 625 3210 Mathyam
651 3144 803 3190 sartorem
826 3131 968 3207 claudos,
993 3131 1113 3212 palium
1132 3144 1238 3191 autem
1264 3130 1363 3212 ipsius
1387 3127 1543 3190 lohannis

279 3231 393 3311 judicis
425 3234 512 3314 quod
545 3236 809 3296 certitudinaliter
842 3236 953 3297 famuli
978 3235 1054 3298 dicti
1088 3235 1242 3297 Johannis
1279 3234 1393 3315 judicis
1424 3248 1471 3296 est
1496 3235 1543 3295 in·

280 3354 409 3400 ventum
437 3341 466 3400 in
494 3342 643 3402 manibus
675 3343 749 3403 dicti
783 3342 906 3403 domini
940 3343 1095 3404 ,iohannis
1127 3343 1293 3424 presbiteri
1326 3363 1362 3403 ex
1393 3361 1443 3420 en,
1467 3341 1542 3422 quia

280 3444 357 3505 dum
383 3446 486 3527 ipsum
513 3447 654 3508 Blasium
674 3447 775 3508 iurem
802 3449 887 3509 idem
909 3450 1060 3510 dominus
1078 3450 1240 3510 lohannes
1265 3449 1296 3509 in
1322 3448 1448 3509 civitate
1473 3466 1543 3528 pre·

280 3550 363 3611 dicta
389 3551 419 3612 in
445 3553 586 3633 quodam
612 3554 684 3616 loco
710 3554 981 3636 apprehenderat,
1018 3570 1093 3617 tunc
1119 3556 1204 3617 idem
1240 3554 1324 3616 idem
1352 3553 1476 3615 blasius
1493 3551 1544 3614 fur

279 3675 311 3716 se
337 3657 405 3737 ipso
430 3659 516 3740 palio
542 3680 660 3721 exuens
693 3661 777 3722 idem
810 3662 929 3742 palium
964 3663 994 3722 in
1025 3663 1174 3723 manibus
1208 3662 1306 3742 ipsius
1331 3659 1454 3721 domini
1490 3658 1541 3721 Jo-

279 3761 393 3822 hannis
417 3766 582 3845 presbiteri
607 3767 819 3848 relinquendo
845 3768 883 3829 de
909 3769 1034 3829 civitate
1060 3768 1203 3849 aufugit;
1240 3782 1270 3828 et
1294 3768 1368 3848 quia
1394 3767 1477 3848 ipsas
1494 3786 1543 3826 res

281 3868 423 3949 ipsorum
442 3870 565 3932 domini
581 3872 735 3934 iohannis
749 3875 913 3955 presbiteri
933 3891 962 3936 et
981 3875 1104 3936 domini
1123 3875 1277 3935 iohannis
1295 3873 1407 3953 judicis
1421 3872 1541 3934 eisdem

279 3975 485 4054 restituimus,
512 3979 661 4059 ipsosque
696 3994 831 4041 sartores
857 3981 983 4042 l'etrum
1018 3996 1048 4042 et
1073 3982 1214 4042 lilasium
1249 3981 1376 4041 racione
1402 3980 1540 4061 ipsarum

279 4100 385 4141 rerum
411 4097 441 4144 et
466 4083 541 4143 dicti
568 4083 645 4145 furis
671 4085 869 4147 reddidimus
895 4086 962 4148 lore
995 4088 1172 4170 expeditos,
1199 4089 1322 4169 ipsique
1349 4087 1455 4147 Blasio
1481 4084 1541 4147 luri

279 4188 500 4250 commisimus
525 4205 558 4251 ut
583 4191 621 4252 de
646 4206 753 4253 cetero
778 4208 807 4253 et
832 4213 887 4274 per
911 4195 1049 4275 amplius
1068 4215 1233 4276 nunquam
1259 4194 1374 4256 debeat
1399 4194 1542 4272 introire,

279 4294 384 4374 quisi
411 4295 450 4355 de
475 4310 580 4358 cetero
605 4312 634 4358 et
659 4318 714 4379 per
747 4300 884 4380 amplius
909 4300 939 4360 in
974 4301 1040 4382 ipsa
1074 4302 1201 4362 civitate
1235 4316 1265 4361 et
1290 4302 1357 4363 eius
1381 4300 1541 4363 territorio

279 4401 476 4483 deprehendi
513 4406 639 4485 poterit,
672 4406 757 4485 juxta
793 4428 848 4468 sua
881 4408 1034 4470 demerita
1068 4430 1182 4492 penam
1220 4429 1315 4491 quam
1349 4410 1542 4471 demeruerit

279 4524 503 4590 consequetur.

384 4614 463 4677 ltem
481 4617 602 4700 Symon
621 4618 724 4680 dictus
741 4620 937 4703 anolchych
955 4637 1063 4683 contra
1088 4622 1256 4684 Nicolaum
1274 4641 1429 4703 generum
1446 4641 1540 4684 suum

280 4722 311 4784 in
336 4719 456 4804 judicio
480 4724 586 4806 primo
620 4725 765 4808 proxime
799 4728 978 4788 occurrenti
1011 4728 1171 4790 tenebitur
1203 4728 1395 4811 respondere
1420 4729 1458 4790 ad
1484 4731 1540 4791 ob·

278 4828 358 4911 jecta
384 4830 484 4913 ipsius
508 4831 645 4895 Nicolai.
