3488 5272
664 373 750 429 Anno
774 366 865 447 1463.
891 403 932 412 -—
956 384 987 431 2.
1009 368 1184 443 septembris.

300 582 377 643 dum
403 581 530 662 jurabit,
555 596 630 643 tunc
656 581 722 663 ipse
740 580 922 662 Stephanus
946 592 977 640 et
1001 580 1105 641 Lucas
1122 579 1227 640 eidem
1252 578 1428 639 benedicto
1446 596 1563 660 penam

303 701 485 750 contentam
511 689 542 749 In
567 688 691 749 statutis
715 687 852 749 solvent.

406 794 483 856 Item
508 813 636 856 causam
661 794 743 854 inter
767 793 937 854 Francisco
954 805 1095 852 sutorem
1117 805 1148 852 et
1170 791 1252 851 inter
1269 789 1407 851 eundem
1426 788 1559 869 Stepha-

299 920 376 962 num
412 913 551 962 sutorem
584 900 712 961 racione
752 913 863 960 mutue
895 899 977 959 inter
1016 897 1145 957 eosdem
1179 896 1431 972 verberacionis,
1463 894 1557 973 jurati

303 1006 544 1087 adjudicarunt,
577 1006 652 1087 quia
684 1007 777 1066 ambe
810 1019 914 1088 partes
947 1025 979 1066 se
1005 1018 1118 1065 mutuo
1151 1017 1313 1065 traxerunt
1338 1003 1370 1064 in
1397 1002 1453 1063 iIIo
1484 1020 1560 1062 con-

302 1113 415 1175 tentari
440 1114 645 1175 tenebuntur.

408 1220 485 1281 Item
519 1238 646 1280 causam
683 1218 764 1280 inter
800 1219 944 1280 Marcum
984 1215 1166 1278 carnificem
1200 1229 1230 1276 et
1270 1216 1351 1276 inter
1383 1215 1563 1277 Iohannem

304 1326 463 1408 Hwalych
496 1326 578 1387 inter
609 1325 739 1386 eosdem
773 1325 901 1386 racione
933 1323 1099 1385 cuiusdam
1140 1322 1416 1384 confederacionis
1449 1323 1479 1382 in
1514 1341 1565 1401 eo,

303 1432 391 1513 quod
416 1433 482 1514 ipse
508 1430 670 1492 Iohannes
693 1430 835 1493 nonfuit
860 1430 964 1493 eidem
991 1431 1099 1491 Marco
1117 1430 1223 1490 socius
1246 1430 1301 1490 sed
1319 1428 1469 1506 famulus,
1494 1429 1561 1510 ipse

306 1540 432 1601 Marcus
455 1539 558 1620 jurare
582 1539 742 1600 tenebitur
783 1537 870 1619 quod
905 1539 971 1619 ipse
1004 1538 1166 1598 Iohannes
1192 1535 1250 1597 suit
1282 1536 1386 1597 eidem
1413 1535 1563 1616 famulus,

305 1645 335 1706 in
362 1664 414 1705 ara
438 1659 544 1706 sancte
570 1643 683 1705 Crucis
712 1643 788 1704 feria
821 1658 905 1705 sexta
932 1644 1077 1725 proxime
1109 1657 1252 1719 ventura,
1278 1656 1309 1702 et
1333 1641 1410 1702 dum
1436 1642 1564 1720 jurabit,

302 1765 377 1812 tunc
404 1750 470 1831 ipse
495 1751 622 1811 Marcus
646 1751 704 1812 erit
729 1750 819 1813 liber.

406 1856 483 1918 Item
509 1876 636 1917 causam
656 1857 736 1917 inter
754 1857 897 1917 relictam
928 1856 1103 1917 Stankonis
1120 1857 1268 1937 preconis
1286 1870 1317 1917 et
1340 1857 1421 1917 Inter
1447 1856 1564 1938 Kwhy-

300 1962 536 2044 naschychnam
569 1963 698 2024 racione
731 1962 966 2024 verberationis
1008 1962 1151 2022 eiusdem
1185 1963 1291 2023 relicte
1330 1963 1503 2023 StanIronis
1535 1977 1566 2023 ct

300 2069 375 2149 quia
401 2070 467 2150 ipsa
493 2068 787 2151 Kwhynachychna
810 2069 877 2129 sola
902 2070 1004 2150 ipsam
1022 2069 1187 2148 sanguinis
1212 2068 1399 2130 effusionem
1427 2088 1489 2128 non
1509 2089 1562 2129 ne-

299 2175 398 2253 gavit,
423 2175 496 2236 ideo
514 2194 629 2255 penam
656 2175 687 2235 in
705 2188 823 2237 statuto
847 2189 1029 2236 contentam
1056 2175 1122 2255 ipsa
1141 2174 1432 2257 Kwhynachychna
1449 2173 1562 2236 solvet.

453 2411 548 2484 Ieria
578 2421 674 2483 sexta
704 2415 858 2500 proxima
887 2420 962 2501 post
991 2413 1113 2483 testum
1142 2409 1244 2499 Egith'i
1275 2412 1419 2483 abbatis.

796 2564 840 2643 (2.
864 2564 1057 2639 septembris).

409 2706 485 2767 Item
511 2705 679 2766 Emericus
707 2704 931 2786 Sydowchych
964 2705 1067 2766 dictus
1092 2704 1169 2766 feria
1201 2719 1286 2766 sexta
1313 2704 1457 2786 prorIIma
1494 2719 1565 2786 post

306 2811 420 2874 festum
455 2812 679 2893 Deposicionis
704 2811 786 2872 beati
814 2810 952 2871 Ladislai
978 2812 1070 2892 regis,
1102 2810 1316 2890 juramentum
1343 2812 1429 2891 quod
1456 2824 1565 2871 contra

305 2918 513 2979 Benedictum
547 2915 743 2978 aurifabrum
778 2937 833 2998 per
865 2918 1006 2978 seniores
1038 2916 1159 2995 judices
1190 2917 1249 2978 sibi
1283 2917 1401 2999 deponi
1437 2917 1564 2977 racione

302 3025 367 3085 vIni
394 3025 425 3085 in
451 3025 542 3085 vinea
568 3024 719 3105 percepti,
745 3037 839 3105 prout
862 3023 999 3085 debebat
1023 3044 1087 3085 non
1113 3024 1271 3106 deposuit.

410 3130 485 3190 Item
511 3128 694 3191 Anthonius
727 3128 811 3189 filius
836 3129 981 3211 Dyonisii
1008 3131 1092 3190 ribar
1125 3146 1234 3191 contra
1260 3130 1412 3191 Mathiam
1439 3129 1564 3210 Tergo-

303 3255 389 3295 wecz
413 3235 555 3296 secundo
581 3236 693 3296 citatus
719 3255 782 3295 non
809 3236 989 3316 comparuit
1020 3255 1127 3296 coram
1153 3237 1246 3296 nobis
1270 3237 1300 3296 in
1328 3236 1457 3313 judicio

408 3340 485 3401 Item
510 3361 635 3402 causam
663 3342 744 3402 inter
770 3342 942 3402 Martinum
975 3341 1111 3417 judicem
1138 3357 1167 3402 et
1192 3343 1308 3402 ltadIIn
1334 3356 1487 3402 sartorem
1516 3362 1563 3401 ra·

305 3448 397 3509 cione
432 3448 548 3523 jurium
584 3449 699 3508 domus
731 3449 872 3509 eiusdem
908 3449 1046 3525 MattinI,
1075 3449 1167 3527 jurati
1200 3448 1441 3527 adjudIcarunt,
1477 3447 1565 3528 quod

302 3555 414 3615 eadem
441 3575 541 3636 usque
575 3556 713 3636 primum
747 3555 900 3633 judicium
934 3555 1038 3614 eidem
1074 3554 1211 3614 Martino
1244 3554 1339 3632 judici
1374 3555 1449 3615 dare
1474 3568 1561 3616 tene·

304 3661 398 3737 bitur,
425 3662 479 3721 ubi
506 3680 581 3720 vero
606 3681 682 3737 non,
707 3675 821 3721 extunc
847 3661 963 3721 facient
988 3662 1093 3721 eidem
1120 3660 1288 3735 justiciam.

412 3767 487 3828 Item
523 3786 649 3827 causam
684 3768 764 3826 inter
799 3767 924 3826 I‘etrnm
960 3766 1173 3826 baccalarium
1206 3767 1307 3827 filium
1334 3765 1404 3827 Gan
1437 3766 1564 3827 racione

304 3872 541 3934 interfercionis
566 3872 668 3934 fratris
684 3873 743 3948 sui,
763 3873 854 3949 jurati
874 3872 1150 3950 adjudicaverunt,
1175 3873 1262 3952 quod
1288 3873 1362 3953 quia
1382 3871 1565 3932 Anthonius

303 3979 409 4040 senior
433 3979 526 4059 judex
546 3978 723 4039 Iohannem
751 3979 851 4058 II'rag
878 3978 1010 4055 dictum,
1037 3978 1074 4036 dc
1095 3980 1318 4059 hIaryasewcz,
1343 3977 1564 4039 fideiussorem

304 4105 361 4165 pro
386 4085 441 4145 illo
467 4084 627 4144 homicida
653 4085 683 4143 in
710 4084 829 4162 iudicio
862 4104 969 4144 coram
1004 4085 1097 4144 nohis
1122 4085 1350 4164 representavit
1384 4104 1491 4144 coram
1518 4085 1564 4161 ju·

303 4191 373 4251 dica
398 4205 428 4250 et
452 4190 572 4267 juratis,
597 4204 627 4250 et
653 4188 885 4250 fideiussoriam
912 4211 968 4271 pro
993 4210 1025 4249 sc
1051 4204 1081 4249 et
1109 4210 1166 4271 pro
1192 4191 1349 4251 consociis
1373 4191 1438 4250 suis
1456 4209 1561 4250 coram

306 4298 411 4358 Blasio
437 4296 541 4374 judice
568 4311 596 4357 et
614 4310 689 4356 tunc
707 4295 816 4373 juratis
834 4298 992 4378 deposuit,
1012 4297 1084 4356 idco
1102 4297 1241 4378 prefatus
1260 4298 1383 4358 BIasius
1402 4298 1493 4373 judex
1513 4318 1564 4357 eo·

303 4417 378 4464 tunc
397 4421 468 4463 cum
480 4402 589 4479 juratis
606 4402 671 4463 suis
688 4402 824 4463 debebat
837 4402 993 4485 prefatum
1008 4403 1186 4464 Iohannem
1199 4405 1340 4465 detinere
1358 4420 1387 4465 et
1405 4406 1478 4485 quia
1499 4425 1562 4464 non

304 4509 440 4570 detinuit
463 4527 548 4584 eum,
574 4508 647 4568 ideo
672 4508 737 4589 ipse
764 4508 857 4586 judex
876 4510 971 4569 debet
995 4510 1187 4590 respondere
1213 4530 1270 4591 pro
1288 4530 1345 4586 eo;
1370 4511 1409 4570 de
1434 4531 1500 4590 quo
1519 4510 1565 4585 ju-

304 4614 389 4675 dicio
407 4615 472 4697 ipse
490 4614 614 4675 Blasius
635 4614 728 4689 iudex
750 4635 813 4676 non
832 4630 1001 4676 contentus
1018 4616 1057 4676 ad
1075 4617 1216 4677 seniores
1233 4618 1407 4699 appellavit
1431 4618 1562 4696 judices.

410 4720 486 4781 Item
519 4740 646 4782 causam
680 4722 762 4783 inter
795 4723 964 4784 Nicolaum
997 4722 1206 4799 aurifabrum,
1238 4722 1388 4798 iudicem,
1421 4737 1451 4784 et
1485 4724 1566 4784 inter

303 4828 460 4888 Akacium
485 4826 623 4908 juratum
648 4828 776 4890 racione
800 4827 918 4909 jurium
946 4843 976 4889 et
1008 4827 1172 4891 literarum
1197 4829 1296 4911 Ipsius
1321 4828 1445 4890 Nicolai
1478 4830 1562 4890 auri·
