3488 5272
237 318 298 397 318
617 315 703 371 Anno
726 310 818 391 1467.
842 347 887 357 -
908 323 960 388 25.
984 314 1110 387 augusti.

237 526 447 588 reddiderunt
472 528 502 586 in
529 525 642 586 decem
666 525 773 606 pensis
804 539 835 585 et
859 524 1081 586 communitati
1114 538 1244 587 centum
1276 523 1441 601 denariis3
1470 522 1515 585 de

237 652 302 713 quo
327 632 447 711 iudicio
473 634 540 714 ipse
566 632 688 714 Symon
715 650 779 692 non
804 644 987 709 contentus,
1016 631 1153 694 eandem
1177 650 1305 694 causam
1327 629 1515 713 appellavit

237 740 276 800 ad
301 740 444 801 seniores
468 738 599 817 judices.

345 847 421 907 ltem
448 846 540 925 jurati
566 845 831 925 adjudicaverunt
848 863 975 906 eausam
1005 845 1086 907 inter
1103 844 1247 907 Marcum
1273 841 1457 905 carnificem
1478 857 1511 905 et

240 952 392 1013 Mathiam
417 968 571 1013 sartorem
609 966 794 1013 executores
819 951 956 1012 condam
983 950 1102 1013 Mathie
1127 949 1358 1033 Kerzowaych,
1380 950 1421 1011 ab
1441 968 1510 1011 una

240 1075 269 1121 et
295 1060 376 1119 inter
400 1059 569 1119 dominum
596 1058 769 1119 Martinum
796 1058 1006 1138 presbiterum
1046 1057 1077 1118 in
1107 1077 1234 1119 causam
1258 1069 1439 1133 attractum,
1457 1074 1510 1117 ra-

239 1167 331 1227 cione
356 1165 498 1226 violente
524 1165 717 1226 retencionis
742 1163 905 1224 literarum
930 1162 1042 1244 prelati
1077 1163 1215 1225 condam
1240 1161 1358 1225 Mathie
1384 1162 1508 1223 Kerzo·

239 1271 350 1353 waych
375 1291 471 1352 super
488 1270 681 1351 quibusdam
701 1270 832 1330 desertis
850 1269 951 1330 vineis
967 1289 1022 1329 seu
1040 1269 1139 1347 silvis,
1156 1282 1188 1329 et
1203 1270 1279 1349 quia
1297 1268 1365 1350 ipse
1378 1267 1509 1328 Marcus

239 1376 378 1438 carnifex
404 1378 443 1437 de
470 1376 622 1437 mandato
656 1375 770 1453 judicis
804 1376 974 1456 peccunias
999 1394 1079 1456 quas
1103 1376 1170 1456 ipse
1195 1374 1332 1436 condam
1367 1371 1508 1435 Matthias

238 1485 343 1545 eidem
370 1484 504 1544 domino
530 1484 668 1543 hlartino
693 1482 799 1559 solvit,
831 1496 861 1542 et
886 1481 981 1560 judex
1007 1482 1038 1542 in
1073 1480 1250 1542 continenti
1275 1478 1397 1541 ibidem
1423 1478 1505 1539 dum

240 1591 336 1651 solvit
363 1590 429 1671 ipse
455 1590 581 1649 Marcus
606 1589 689 1669 ipsas
707 1587 877 1669 peccunias
902 1587 1067 1648 mandavit
1083 1587 1188 1647 eidem
1214 1586 1348 1647 domino
1366 1584 1508 1646 Martino

240 1698 344 1757 eidem
371 1698 479 1757 Marco
497 1694 660 1757 extradare
680 1695 796 1773 literas,
814 1694 1005 1775 quiquidem
1028 1694 1180 1755 dominus
1204 1693 1359 1756 Martinus
1375 1692 1507 1754 easdem

242 1804 362 1863 litteras
388 1802 445 1883 ipsi
473 1803 582 1862 Marco
607 1801 739 1862 reddere
765 1816 795 1861 et
828 1800 994 1861 restituere
1026 1800 1142 1878 noluit,
1167 1819 1242 1881 ergo
1268 1814 1316 1860 est
1338 1798 1508 1860 convictus

240 1911 306 1990 ipse
331 1910 483 1970 dominus
510 1909 665 1969 hlarrinus
690 1922 797 1969 contra
823 1908 908 1989 ipsos
943 1921 1128 1968 executores
1160 1907 1287 1969 racione
1312 1905 1508 1967 retencionis

241 2017 379 2096 ipsarum
406 2015 570 2075 literarum
596 2029 626 2074 et
651 2013 837 2074 earumdem
864 2034 927 2073 non
946 2013 1176 2094 assignaeionis
1200 2012 1304 2074 eidem
1332 2012 1441 2073 Marco
1458 2027 1508 2073 est

240 2121 405 2182 convictus
430 2121 459 2180 in
495 2121 604 2180 decem
641 2120 754 2180 marcis
787 2119 1004 2197 denariorum,
1036 2139 1172 2199 quarum
1205 2120 1269 2180 due
1300 2131 1405 2201 partes
1429 2119 1508 2201 ipsis

240 2228 473 2303 executoribus,
498 2227 593 2286 tercia
619 2246 694 2286 vero
719 2226 829 2305 juratis
859 2226 972 2287 cedere
1004 2226 1119 2305 valeat,
1144 2227 1219 2308 quia
1244 2226 1402 2287 violenter
1429 2226 1503 2287 teti·

242 2334 310 2393 nuit
337 2334 419 2413 ipsas
444 2333 550 2393 literas
574 2333 659 2413 apud
685 2352 736 2407 se3
768 2332 806 2391 de
833 2352 898 2412 quo
923 2332 1042 2410 judicio
1068 2332 1209 2412 ipsorum
1236 2332 1411 2414 juratorum
1438 2350 1505 2393 non

240 2453 409 2500 contentus
435 2440 500 2520 ipse
525 2438 676 2499 dontinus
701 2439 857 2499 Martinus
881 2438 1017 2499 eandem
1041 2457 1168 2498 causam
1193 2437 1367 2520 appellavit
1389 2436 1430 2498 ad
1454 2456 1504 2498 se-

241 2546 347 2607 niores
375 2546 506 2625 judices.

348 2653 423 2713 ltem
450 2672 577 2712 causam
605 2651 757 2732 Stephani
783 2652 900 2713 sutoris
924 2650 1017 2731 jurati
1036 2651 1311 2731 adjudicaverunt,
1336 2648 1410 2731 quia
1436 2649 1505 2731 ipse

241 2759 422 2840 Stephanus
440 2758 673 2839 comprobavit,
691 2758 777 2837 quod
798 2760 863 2839 ipse
883 2758 1064 2838 Stephanus
1078 2773 1124 2819 est
1140 2757 1379 2819 commissarius
1396 2756 1508 2817 matris

241 2885 307 2940 sue,
333 2885 409 2943 ergo
434 2866 543 2924 omnia
570 2865 653 2923 hona
684 2864 782 2945 ipsius
816 2866 924 2924 matris
949 2884 1004 2924 sue
1038 2865 1103 2945 ipse
1130 2863 1311 2945 Stephanus
1335 2863 1430 2923 habet
1453 2883 1507 2923 ex-

241 2990 358 3049 ponere
392 2990 449 3049 pro
482 2970 588 3029 anima
622 2971 764 3030 eiusdem
798 2985 827 3029 et
860 2972 921 3030 alia
955 2971 1061 3031 dehita
1093 2971 1228 3047 solvere,
1261 2984 1291 3030 et
1325 2969 1412 3049 quod
1437 2970 1505 3051 ipse

242 3076 423 3156 Stephanus
448 3076 542 3136 habet
576 3077 718 3137 invenire
753 3078 833 3137 duos
866 3078 934 3137 llor.
969 3097 1069 3156 nsque
1094 3077 1281 3157 quindecim
1314 3076 1392 3152 dies,
1424 3096 1507 3157 quos

242 3183 307 3262 ipsa
333 3183 449 3261 legavit
475 3182 513 3241 ad
540 3183 707 3243 ecclesiam
733 3184 830 3243 sancti
858 3184 955 3243 hlarci
982 3184 1185 3263 ewangeliste
1211 3183 1242 3242 in
1268 3182 1351 3243 dicta
1377 3182 1506 3244 civitate

243 3287 384 3349 lundata.

348 3395 423 3453 ltent
450 3396 523 3475 quia
552 3396 686 3455 ,llathias
719 3396 965 3477 Nekerschenylr
998 3411 1106 3456 eontra
1143 3396 1283 3457 Blasium
1309 3392 1503 3477 freniparem

242 3502 345 3582 primo
371 3504 482 3562 citatus
507 3522 570 3561 uon
596 3503 775 3583 comparuit
802 3504 831 3561 in
857 3503 977 3583 judicio
1002 3522 1108 3563 coram
1135 3503 1237 3563 nohis.

267 3717 361 3789 Ferin
392 3722 497 3789 tercia
527 3724 679 3808 proxima
709 3730 784 3808 post
813 3720 934 3791 lestttm
959 3721 1047 3791 heati
1077 3720 1304 3790 llnrtholontei
1334 3722 1489 3808 apostoli.

682 3842 831 3932 proxime
860 3843 1067 3932 preteritum.

758 4010 822 4071 (25.
848 3998 990 4067 detrusti).

350 4138 446 4209 Quod
466 4138 540 4217 qcria
561 4137 672 4217 llacloy
691 4135 836 4197 officialis
853 4138 1035 4218 spectabilis
1051 4152 1081 4199 et
1099 4136 1257 4217 ntagnilici
1277 4136 1400 4197 domini
1420 4137 1502 4197 Mar·

245 4245 300 4304 tini
328 4244 365 4303 de
392 4245 591 4325 l·'rangapart,
618 4244 744 4321 thtlt,
770 4244 897 4323 Segnie,
921 4242 1151 4325 hlodrusseque
1177 4245 1302 4304 comitis
1327 4244 1357 4304 in
1384 4244 1503 4304 laztre·

243 4352 370 4428 barzlra,
395 4367 504 4411 contra
537 4351 707 4432 providum
741 4366 770 4411 et
802 4352 1067 4429 circumspectum
1103 4352 1205 4411 virum
1239 4351 1381 4411 Blasium
1409 4351 1506 4431 Ztoy·

244 4458 372 4539 nxylych
398 4458 530 4535 dictum,
555 4459 713 4518 seniorem
750 4457 887 4531 judicent
913 4469 943 4517 et
975 4457 1076 4517 civem
1102 4458 1185 4519 dicte
1210 4459 1356 4531 civitatis,
1382 4458 1505 4539 pridem

243 4564 506 4625 tricesimatorenr
533 4565 785 4643 zagrabiensem,
811 4564 939 4623 racione
965 4565 1162 4643 recepcionis
1186 4565 1401 4644 quorumdam
1427 4564 1508 4623 duo·

242 4669 345 4729 decim
372 4690 556 4751 porcorum,
580 4690 663 4751 quos
688 4672 753 4751 ipse
780 4670 893 4751 lladoy
918 4688 974 4749 per
1007 4670 1109 4751 ipsum
1137 4670 1279 4731 Blasium
1304 4684 1335 4732 et
1359 4669 1507 4731 homines

242 4794 318 4834 suos
341 4776 399 4835 sibi
427 4790 571 4857 receptos
596 4775 663 4838 lore
688 4776 824 4853 dicebat,
858 4795 940 4857 quos
964 4794 1078 4856 porcos
1110 4778 1176 4858 ipse
1204 4777 1328 4838 Blasius
1352 4776 1446 4855 judex
1471 4796 1504 4838 se
