3488 5272
245 343 307 405 188
547 326 551 331 ’
663 346 752 405 Anno
775 343 868 423 1460.
894 379 935 390 -
957 343 988 407 ό.
1003 347 1097 422 saner.

244 559 398 618 subtraxit
422 558 482 619 sibi
508 558 663 619 dedomo
687 575 744 617 sua
761 555 916 637 quasdam
937 557 1083 619 camisias
1099 575 1157 617 nec
1176 557 1308 638 aliquod
1329 557 1508 639 dampnum

257 662 326 743 seu)
351 662 470 725 lurtum
496 664 556 726 sibi
581 662 664 726 fecit.

238 715 248 796 (
356 769 434 830 ltem
470 770 615 832 Thomas
646 768 863 851 lleryhowicb
895 784 1005 830 contra
1037 770 1223 830 Ladislaum
1262 769 1340 831 alias
1371 769 1510 850 juratum

245 873 322 935 feria
346 888 432 937 sexta
464 878 609 957 proxima
642 890 713 957 post
745 889 892 935 octavam
926 875 1022 936 Pasce
1056 889 1121 935 met
1153 875 1270 935 tercius
1294 874 1510 953 juramentum

243 982 274 1042 in
300 1001 339 1044 eo
364 981 525 1064 deponere
552 981 692 1059 habebit,
725 981 813 1062 quod
839 981 905 1064 ipse
938 982 969 1042 in
999 981 1140 1061 quadam
1172 981 1250 1043 silva
1275 980 1384 1041 furtim
1419 980 1507 1061 ligna

241 1106 306 1149 nou
331 1087 467 1149 succidit
492 1102 522 1149 et
546 1107 605 1149 nec
630 1087 759 1168 recepit.

349 1193 426 1255 ltem
452 1193 605 1255 Nicolaus
639 1193 734 1274 judex
765 1193 872 1253 senior
905 1193 1053 1254 similiter
1076 1193 1143 1274 ipsa
1169 1190 1247 1253 feria
1279 1204 1365 1252 sexta
1397 1210 1508 1273 supra-

242 1299 327 1359 dicta
351 1314 459 1360 contra
485 1298 656 1361 Nicolaum
682 1298 806 1382 Purych
832 1318 927 1381 super
953 1318 1084 1360 manum
1109 1298 1204 1359 unius
1228 1297 1322 1377 jurati
1347 1297 1507 1377 juramen·

241 1419 308 1466 tum
335 1405 497 1486 deponere
523 1405 653 1468 debebit
677 1406 709 1466 in
735 1424 785 1483 e0‚
810 1405 898 1486 quod
933 1405 1000 1486 ipse
1032 1404 1195 1485 quandam
1220 1402 1364 1485 jopulam
1388 1403 1428 1464 ad
1453 1404 1508 1466 de·

238 1512 301 1574 bita
330 1510 496 1572 cuiusdam
522 1510 720 1573 Verbechich
745 1531 809 1572 non
835 1512 986 1594 percepit.

347 1617 426 1678 ltem
450 1616 560 1679 relicta
577 1617 675 1678 Blasii
692 1617 807 1697 judicis
831 1632 940 1679 contra
958 1617 1134 1679 Martinum
1152 1615 1292 1696 judicem
1317 1615 1507 1678 secundario

238 1724 334 1785 citata
360 1742 424 1784 non
449 1723 639 1807 comparuit.

238 1922 338 1997 Faria
366 1933 463 1996 sexta
493 1928 646 2015 proxima
683 1935 760 2014 post
788 1925 910 1996 festum
947 1926 1123 1997 beatorum
1154 1924 1296 2014 Philippi
1326 1933 1359 1995 et
1387 1923 1506 2013 Jacobi

751 2050 991 2139 mmm

795 2206 836 2274 (ε.
861 2203 955 2277 main.

347 2341 425 2402 ltem
448 2341 559 2402 Petrus
583 2341 712 2423 Dragyn
746 2355 856 2402 contra
881 2339 1084 2403 Anthonium
1110 2341 1300 2425 Oprasnych
1333 2342 1438 2423 primo
1463 2342 1506 2402 ci·

238 2462 323 2510 tatus
348 2467 412 2509 non
438 2447 628 2528 comparuit.

690 2609 775 2685 (Una
794 2609 909 2682 pagina
931 2610 1048 2685 vacua).

398 2826 494 2899 Faria
523 2836 622 2899 sexta
651 2833 806 2917 proxima
831 2836 906 2917 post
934 2827 1056 2900 lestum
1090 2828 1342 2900 Pentbecosten.

784 2978 827 3055 (ό.
856 2983 964 3057 junii).

345 3121 421 3182 ltem
456 3121 567 3183 Petrus
593 3120 712 3201 Dragin
746 3135 856 3182 contra
889 3121 1089 3182 Anthonium
1116 3119 1327 3203 Opprasnych
1360 3122 1505 3183 secundo

240 3229 353 3289 citatus
376 3246 441 3287 non
467 3227 656 3308 comparuit.

344 3332 422 3395 ltern
447 3333 521 3395 licet
545 3333 720 3414 Gregorius
738 3332 914 3413 lutifigulus
933 3352 1004 3394 curn
1025 3332 1128 3393 Frane
1146 3332 1382 3394 moledinatore
1400 3332 1504 3414 quod·

242 3439 315 3499 dam
341 3439 561 3500 testimonium
587 3453 716 3520 propter
740 3439 894 3521 quasdam
924 3458 1015 3518 sepes
1046 3438 1223 3519 producere
1248 3439 1348 3499 nostri
1374 3439 1405 3499 ln
1431 3458 1502 3520 pre·

237 3546 343 3606 sencia
369 3544 419 3606 die
454 3545 607 3606 hodierna
641 3565 676 3605 ex
714 3565 824 3606 eorum
853 3548 936 3606 bona
969 3544 1133 3605 voluntate
1168 3558 1198 3605 et
1229 3546 1326 3606 ambo
1351 3546 1504 3608 interesse

236 3651 433 3727 debuissent,
458 3666 564 3712 tamen
591 3650 731 3732 prefatus
757 3652 858 3712 Frane
892 3651 1131 3712 molendinator
1165 3671 1229 3712 non
1255 3652 1447 3732 comparuit,
1472 3666 1503 3715 et

237 3759 278 3819 ob
305 3757 363 3818 hoc
391 3772 436 3817 est
462 3759 626 3818 convictus
650 3758 680 3817 in
700 3758 838 3837 birsagio
865 3758 919 3818 LX
943 3758 1150 3818 denariorum
1175 3759 1420 3837 wiennensium,
1439 3779 1504 3820 non

237 3878 342 3924 tamen
369 3882 496 3923 causam
523 3864 638 3925 amisit.

344 3969 420 4029 ltem
447 3989 573 4029 causam
607 3971 688 4030 inter
721 3970 875 4029 Jacobum
909 3984 1061 4046 sutorem,
1093 3969 1253 4031 seniorem
1289 3968 1441 4051 juratum,
1473 3986 1505 4035 et

242 4074 431 4136 Michaelem
458 4090 598 4135 sutorem
632 4076 670 4134 de
696 4073 922 4156 Opathowyna
956 4076 1082 4136 racione
1108 4075 1272 4135 cuiusdam
1306 4075 1387 4137 cutis
1419 4078 1504 4141 male

240 4181 405 4260 disposite,
434 4201 489 4260 per
515 4182 617 4261 ipsum
644 4182 798 4241 lacobum
824 4196 965 4242 sutorem
990 4196 1154 4262 tamquam
1177 4181 1334 4242 decanum
1358 4195 1503 4245 autorum

235 4301 310 4348 tunc
342 4289 547 4348 commissum
581 4303 722 4368 recepte,
748 4308 782 4347 ac
815 4307 870 4367 per
903 4289 1006 4368 ipsum
1041 4287 1231 4347 Michaelem
1263 4307 1359 4370 super
1395 4288 1502 4370 ipsum

238 4394 392 4454 Jacobum
423 4408 562 4454 sutorem
589 4395 769 4474 potenciam
797 4394 1024 4474 proclamatam
1045 4394 1137 4471 jurati
1158 4394 1202 4453 sic
1228 4393 1503 4474 adjudicaverunt,

237 4520 274 4560 ex
299 4519 363 4580 quo
390 4501 456 4579 ipse
491 4499 626 4559 llichael
659 4514 704 4559 est
738 4501 768 4559 iu
803 4499 1060 4560 confraternitate
1094 4500 1235 4580 ipsorum
1273 4515 1431 4580 sutorum,
1463 4500 1503 4562 de

237 4605 335 4664 modo
362 4620 467 4665 auteur
493 4606 531 4665 sit
558 4620 590 4665 ut
616 4606 752 4684 quilibet
777 4607 877 4663 bonas
902 4620 989 4665 cutes
1011 4605 1170 4686 disponat,
1200 4605 1273 4666 ideo
1298 4606 1331 4666 in
1355 4606 1502 4687 potencia

236 4731 332 4790 quam
360 4711 499 4791 prelatus
524 4711 661 4771 llicbael
686 4724 774 4772 sutor
811 4730 905 4793 super
931 4713 1034 4792 ipsum
1060 4713 1214 4772 iacobum
1246 4712 1500 4793 proclamaverat

237 4831 283 4876 est
306 4815 394 4876 solus
419 4816 595 4876 convictus.
