3488 5272
514 1270 663 1368 (Anno
694 1268 875 1360 Domini
904 1265 1193 1368 MCCCCLVH).

222 1637 428 1715 Notandum
448 1648 517 1732 est,
541 1640 637 1740 quod
656 1642 691 1716 in
710 1664 804 1716 anno
829 1638 973 1716 Domini
994 1640 1180 1716 millesimo
1209 1639 1486 1740 quadringente-

223 1763 314 1839 simo
332 1764 630 1864 quinquagesimo
652 1765 819 1865 septimo,
839 1765 930 1840 feria
949 1773 1055 1840 sexta
1073 1765 1236 1864 proxima
1254 1772 1339 1840 ante
1355 1763 1486 1840 festum

223 1887 322 1963 beati
352 1884 524 1987 Gregorii
552 1911 645 1988 pape
666 1896 704 1964 et
732 1887 904 1979 doctoris,
932 1906 1096 1989 tempore
1112 1887 1292 1986 judicatus
1312 1889 1376 1963 viri
1405 1911 1486 1989 pro-

222 2010 293 2086 vidi
322 2020 360 2086 et
379 2011 520 2087 honesti
550 2011 720 2088 Anthonii
749 2011 874 2106 judicis
903 2014 1018 2088 nostri
1048 2011 1219 2102 moderni,
1249 2009 1308 2086 filii
1338 2010 1488 2101 Thome,

223 2157 374 2234 presens
398 2134 586 2210 katemnm
611 2143 669 2211 est
697 2137 939 2235 conscriptum
964 2144 1003 2212 et
1022 2136 1199 2211 conscribi
1226 2135 1361 2211 factum
1380 2158 1490 2234 super

219 2257 361 2357 judiciis
390 2267 429 2335 et
465 2260 557 2335 actis
590 2269 755 2359 tempore
783 2261 963 2359 presentis
988 2258 1169 2358 judicatos
1202 2258 1334 2360 prefati
1358 2258 1487 2356 judicis

223 2384 339 2459 nostri
373 2383 534 2460 moderni
564 2383 672 2460 modo
702 2391 740 2459 et
777 2383 901 2460 ordine
938 2383 1168 2483 infrascripto
1202 2382 1486 2459 occurrentibus.

743 2651 803 2721 (11.
834 2649 957 2722 martit).

798 2789 909 2851 Jurati.

648 2933 726 2995 item
751 2932 905 2995 Clemens
928 2931 1080 2995 carnifex.

649 3039 727 3101 Item
752 3038 936 3101 Demetrius
959 3058 1057 3101 rasor.

648 3145 726 3208 Item
752 3145 933 3229 Stephanus
956 3144 1092 3208 institor.

643 3253 722 3315 Item
747 3253 860 3314 Petrus
883 3271 983 3334 gener
1006 3251 1215 3335 Bagdanych.

647 3358 724 3422 Item
749 3359 945 3421 Laureocius
968 3377 1089 3441 sporar.

648 3465 726 3528 item
750 3465 875 3528 Blasius
898 3478 1010 3527 sartor.

647 3571 725 3634 Item
753 3573 856 3634 Lucas
879 3585 978 3634 sutor.

647 3679 723 3740 Item
750 3678 897 3762 Mathyas
921 3698 1064 3762 arcupar.

763 3908 959 3973 Consiliarii.

648 4053 726 4115 Item
750 4052 913 4114 iohannes
936 4051 1042 4134 judex.

648 4159 725 4222 item
751 4158 889 4221 Michael
913 4159 1067 4222 literatus.

647 4265 723 4327 item
749 4265 851 4348 Frycz
875 4264 1045 4329 aurifaber.

647 4372 725 4434 item
749 4372 900 4454 magister
924 4372 1077 4434 Nicolaus
1101 4373 1255 4436 medicus.

647 4478 724 4540 item
750 4477 895 4540 Thomas
917 4497 1017 4560 gener
1042 4478 1138 4541 Blasii
1163 4479 1288 4559 judicis.

647 4584 725 4647 Item
750 4583 930 4667 Stephanus
953 4585 1110 4667 plathnar.

643 4690 722 4753 Item
747 4690 866 4752 Paulus
887 4710 987 4773 gener
1011 4690 1200 4756 Clementis.

647 4796 727 4863 item
751 4796 928 4862 Achaczios
950 4816 1114 4865 successor
1137 4798 1313 4885 Eberspek‚
