3488 5272
248 345 305 406 192
608 328 694 386 Anno
714 323 808 405 1460.
833 361 875 370 —
892 338 927 403 5.
951 328 1125 402 septembris.

350 538 426 599 ltem
452 553 583 621 propter
607 558 736 600 cervum
763 539 817 620 qui
842 537 901 600 luit
919 537 1103 601 interfectus
1128 539 1159 600 in
1185 554 1269 602 meta
1287 540 1424 602 civitatis
1451 540 1508 601 ad·

242 644 466 724 judicaverunt
497 660 642 726 quartam
677 658 799 725 partem
832 644 929 724 judici
955 659 985 707 et
1017 665 1172 728 expensas
1204 646 1234 706 in
1267 645 1506 722 ambulatione,

242 765 497 833 prorogaverunt
521 751 749 832 juramentum.

348 858 426 919 Item
452 857 697 919 archidiaconus
722 858 914 920 Dubicensis
938 872 969 921 et
997 858 1115 920 Kelecz
1138 872 1228 920 sutor
1251 870 1509 941 prorogaverunt

242 964 281 1025 ad
306 966 449 1026 seniores
474 964 605 1044 judices.

348 1071 426 1133 ltem
451 1072 561 1153 Zayko
586 1068 735 1132 carnifici.
764 1073 870 1149 (deest).

347 1177 426 1239 Item
459 1197 538 1238 uxor
571 1175 744 1259 Raphaelis
776 1175 855 1238 fassa
880 1190 926 1238 est
956 1177 1014 1237 toti
1040 1177 1262 1238 communitati
1289 1191 1324 1239 ut
1348 1177 1413 1258 ipse
1439 1177 1502 1237 Ra·

240 1283 336 1366 phael
363 1297 525 1366 receperat
557 1283 720 1365 quandam
756 1284 943 1366 peccuniam
976 1282 1127 1345 videlicet
1158 1303 1274 1344 novem
1299 1281 1404 1344 luntas
1429 1302 1501 1344 curn

242 1390 348 1451 media
375 1390 533 1472 Dyonisio
558 1390 723 1471 Wodopia
749 1390 872 1452 concivi
891 1404 1012 1468 nostro,
1036 1403 1067 1451 et
1091 1391 1157 1472 ipse
1182 1390 1267 1452 idern
1285 1389 1429 1473 Raphael
1455 1409 1502 1452 re·

241 1497 334 1558 cessit
358 1497 461 1558 noctis
485 1497 517 1558 in
542 1495 686 1557 silencio.

347 1601 425 1663 ltem
450 1600 624 1663 Kathesina
651 1621 729 1662 uxor
755 1601 908 1683 Stephani
929 1602 1045 1663 sutoris
1069 1600 1133 1663 filia
1159 1602 1268 1684 Rybar
1286 1600 1432 1684 Dyoniaii
1451 1601 1505 1662 de·

240 1707 348 1788 posuit
372 1706 588 1785 juramentum
614 1721 723 1768 contra
750 1708 869 1769 Rosam
894 1706 1049 1770 filarkam.

335 1943 428 2015 lesia
459 1954 555 2015 sexta
583 1952 661 2015 ante
688 1944 810 2015 festum
841 1944 1038 2015 Nativitatis
1067 1947 1218 2029 virginis,
1247 1963 1333 2015 anno
1363 1942 1424 2017 LX.

749 2100 790 2171 (5.
815 2098 996 2172 septembris).

349 2237 425 2297 ltem
453 2236 577 2297 Simoni
595 2240 694 2297 sutori
714 2236 804 2297 Sterk
830 2235 927 2312 dicto,
945 2236 983 2296 de
1002 2236 1152 2313 Zambor,
1175 2235 1229 2316 qui
1247 2235 1382 2296 abscidit
1401 2235 1501 2296 Elene

242 2342 381 2402 consorti
406 2361 462 2402 sue
486 2360 598 2402 nasum
632 2340 850 2420 adjudicatum
884 2356 940 2418 est,
965 2341 1051 2423 quod
1085 2360 1252 2423 nunquam
1277 2341 1316 2402 ad
1342 2342 1502 2404 civitatem

242 2449 417 2529 predictam
443 2463 473 2507 et
498 2448 567 2508 eius
583 2447 778 2509 territorium
798 2447 913 2507 intrare
939 2447 1044 2525 debet,
1065 2461 1095 2508 et
1117 2447 1143 2508 si
1161 2446 1379 2529 deprehensus
1397 2446 1503 2525 fuerit,

239 2568 353 2615 extunc
379 2554 503 2614 amittet
529 2572 624 2613 unam
651 2571 792 2612 manum.

345 2660 422 2721 hem
456 2658 577 2740 prelata
609 2659 725 2720 mulier
758 2659 858 2720 Elena
892 2659 1022 2741 expulsa
1055 2663 1101 2720 eit
1134 2660 1324 2721 decivitate
1360 2657 1502 2741 predicta

238 2781 368 2847 propter
393 2763 550 2825 maleficia
583 2784 638 2824 sua
672 2764 701 2824 in
736 2764 853 2843 quibus
885 2760 1083 2846 deprehensa
1109 2777 1139 2826 et
1172 2780 1315 2826 accusata
1342 2763 1419 2840 fuit;
1452 2763 1503 2825 cui

237 2871 385 2931 similiter
410 2870 569 2950 ingressus
594 2868 737 2929 eiusdem
766 2869 902 2930 civitatis
920 2869 1118 2950 prohibetur,
1143 2871 1167 2930 si
1186 2870 1377 2952 reprehensa
1396 2869 1502 2948 luerit,

238 2991 352 3038 extunc
378 2974 472 3035 debet
496 2975 602 3056 puniri
628 2974 713 3052 juxta
739 2975 944 3054 privilegium
970 2974 1105 3035 civitatis
1130 2976 1281 3057 predicte.

345 3081 421 3142 ltena
447 3080 585 3161 quedam
612 3085 704 3139 Anna
723 3079 851 3159 publica
878 3080 992 3140 mulier
1017 3083 1171 3142 subtraxit
1188 3082 1315 3142 mulieri
1334 3081 1501 3142 Tanczecz

239 3208 338 3250 unum
365 3186 602 3266 manutergium
638 3200 667 3245 et
694 3204 793 3244 unum
825 3186 958 3266 pileum,
983 3206 1041 3266 pro
1066 3207 1130 3267 quo
1164 3188 1299 3248 abscissa
1325 3202 1370 3249 est
1395 3187 1500 3249 eidem

239 3315 301 3355 una
326 3293 487 3366 auricula;
505 3306 535 3352 et
553 3292 618 3371 ipsa
646 3290 729 3350 idem
749 3295 841 3350 Anna
860 3290 940 3351 fassa
966 3291 1025 3353 luit
1043 3294 1073 3352 in
1093 3295 1235 3354 martirio
1249 3307 1359 3354 contra
1385 3295 1499 3376 Elyza·

239 3400 311 3459 beth
338 3412 518 3459 consortem
539 3396 691 3476 Stephani
719 3396 797 3455 fabri
817 3395 909 3477 chyl
928 3397 1014 3473 dicti,
1032 3399 1118 3476 quod
1145 3400 1210 3478 ipsa
1236 3400 1374 3460 dedisset
1393 3400 1498 3461 eidem

239 3511 330 3565 hnne
353 3523 452 3562 ununx
479 3501 547 3562 flor.
573 3502 640 3560 auri
667 3501 697 3560 in
723 3520 772 3573 eo,
798 3502 884 3580 quod
911 3501 977 3580 ipsa
995 3503 1219 3563 combussisset
1245 3504 1360 3564 domos
1378 3504 1495 3564 Kelecz

237 3611 353 3671 sutoris
379 3624 409 3669 et
433 3608 675 3668 convicinorum
702 3605 844 3665 eiusdem
878 3606 1066 3682 Clementis,
1098 3624 1227 3688 propter
1259 3610 1346 3689 quod
1373 3624 1418 3670 est
1444 3630 1495 3670 ex-

238 3735 384 3798 percussa
411 3713 449 3773 de
475 3713 602 3772 civitate
628 3731 698 3771 cum
725 3710 847 3769 baculis
871 3726 900 3769 et
926 3711 1104 3790 prohibitus
1122 3728 1166 3773 est
1192 3715 1217 3774 ei
1246 3716 1404 3794 ingressus
1422 3715 1497 3775 civi·

236 3822 308 3883 tatis
332 3823 389 3880 sub
415 3839 496 3899 prena
521 3817 617 3876 simili
644 3836 682 3875 ne
709 3817 802 3875 intret
827 3816 986 3875 civitatem
1013 3832 1041 3875 et
1067 3818 1134 3877 eius
1159 3821 1362 3883 territorium.

343 3926 419 3987 ltem
445 3923 662 3995 adiudicatum
680 3935 725 3980 est
749 3920 864 3980 Kelecz
890 3922 999 3995 sutori,
1018 3922 1181 3984 Anthonio
1207 3925 1418 4008 Therinsych‚
1436 3927 1497 3987 Va·

237 4033 360 4095 lentino
386 4031 487 4104 luhrn,
514 4029 622 4088 hlarco
645 4046 765 4105 genero
784 4026 1015 4106 Scrobothvch‚
1041 4026 1126 4087 ln‘lto
1151 4031 1260 4106 sutori,
1287 4032 1368 4112 Sega
1386 4033 1498 4111 sutori,

238 4139 366 4200 Thome
391 4136 501 4211 sutori,
526 4134 580 4214 qui
616 4131 891 4211 deprehenderant
929 4131 1103 4211 Elyznbeth
1137 4152 1316 4197 consortem
1344 4138 1496 4220 Stephani

237 4245 315 4307 labri
341 4244 434 4325 chyl
460 4240 546 4315 dicti,
585 4237 687 4297 noctis
712 4238 742 4294 in
769 4236 902 4295 silencio
936 4256 1007 4294 cum
1034 4238 1175 4315 quodam
1202 4243 1389 4320 presbitero,
1416 4264 1497 4324 quos

237 4354 304 4414 sine
328 4352 407 4411 scitu
432 4364 462 4408 et
486 4346 650 4405 voluntate
676 4340 876 4401 tradiderunt
901 4341 939 4399 ad
959 4359 1072 4400 manus
1097 4344 1204 4404 vicarii
1230 4348 1414 4426 spiritualis,
1440 4352 1495 4430 qui

237 4458 372 4540 quilibet
404 4456 545 4535 ipsorum
580 4462 688 4510 contra
722 4445 871 4525 judicem,
904 4445 1043 4522 juratos,
1076 4450 1241 4509 convictus
1274 4468 1319 4512 est
1352 4455 1383 4513 in
1422 4457 1496 4516 vivo

238 4563 399 4643 homagio,

344 4668 420 4729 ltem
453 4663 541 4746 quod
567 4661 679 4722 liceta
713 4654 835 4716 dudum
869 4654 949 4713 inter
982 4654 1133 4731 providos
1165 4671 1195 4716 et
1227 4659 1377 4723 honestos
1410 4666 1494 4726 viros

239 4775 438 4839 Anthonium
463 4770 599 4849 juratum
627 4762 786 4833 Soldinar‚
804 4757 994 4840 quiquidem
1020 4758 1201 4820 Anthoniua
1226 4769 1364 4843 porrexit
1388 4772 1493 4850 queri.
