3488 5272
239 355 299 416 3⁰2
602 336 687 393 Anno
710 330 805 413 1466.
828 367 873 379 —
894 348 946 395 20.
970 336 1141 410 septembris.

236 548 436 610 Demetrium
470 566 609 607 rasorem
644 565 836 627 pannorum,
869 545 928 627 ipsi
961 545 1103 624 Rawsar,
1135 546 1321 609 Anthonius
1352 546 1438 608 Roth
1471 561 1506 610 et

237 655 368 716 domina
395 654 568 716 Katherina
605 672 736 713 consors
760 651 903 712 eiusdem
937 664 1163 714 testamentum
1188 653 1325 714 condam
1351 651 1504 734 Gregorii

237 762 427 823 coloratoris
453 779 634 843 pannorum
660 759 804 820 invenire
833 760 1028 821 tenebuntur
1059 759 1153 820 etad
1179 759 1318 842 primum
1343 758 1504 841 judicium

236 868 426 951 producere,
451 881 481 929 et
505 867 549 927 sic
583 866 660 927 dnm
694 865 873 947 producent
905 879 980 927 tnnc
1005 865 1199 945 judicabitur
1230 884 1323 927 cansa
1348 865 1504 947 predicta.

344 974 421 1034 ltem
447 992 574 1035 cansam
599 973 680 1033 inter
705 972 847 1032 Blasinm
872 971 1087 1054 Ztoymylych
1112 985 1143 1032 et
1159 971 1241 1034 inter
1265 973 1407 1034 relictam
1425 992 1504 1033 con·

237 1082 310 1142 dam
335 1080 460 1141 Nicolai
486 1078 636 1140 aurifabri
664 1093 694 1139 et
711 1077 794 1139 filios
812 1078 955 1139 eiusdem
978 1078 1105 1139 racione
1124 1078 1219 1140 nnius
1236 1078 1321 1161 ciphi
1345 1079 1504 1160 argentei,

238 1187 332 1247 nnius
356 1187 441 1266 eqni,
467 1205 583 1246 novem
609 1204 831 1246 mensurarum
856 1185 964 1263 tritici,
988 1185 1044 1245 ΧΗ
1076 1184 1271 1246 tunellarum
1296 1185 1361 1248 olei
1386 1205 1503 1247 vacua—

237 1312 308 1353 rum
334 1292 483 1354 etunius
508 1311 795 1367 cnrrnsasserum,
829 1310 909 1372 quas
942 1291 1009 1372 ipse
1035 1290 1159 1352 Blasius
1183 1291 1278 1373 judex
1310 1292 1503 1353 accomoda·

237 1414 324 1460 verat
338 1398 443 1459 eidem
462 1398 599 1459 condam
619 1398 764 1475 Nicolao,
778 1397 871 1478 jurati
889 1397 1166 1477 adjudicaverunt,
1183 1398 1271 1478 quod
1290 1398 1355 1479 ipse
1375 1397 1503 1459 Blasius

238 1507 324 1587 juxta
350 1506 559 1567 literatorinm
594 1504 781 1566 mandatum
814 1505 900 1585 regie
933 1505 1108 1566 Maiestatis
1139 1502 1218 1566 feria
1244 1520 1329 1565 sexta
1354 1504 1502 1587 proxime

238 1627 382 1689 ventura,
407 1612 437 1671 in
464 1631 513 1688 eo,
539 1610 625 1692 quod
652 1611 718 1692 ipse
751 1609 908 1691 prelatum
941 1610 1083 1691 ciphnm,
1107 1629 1166 1671 nec
1201 1629 1265 1672 non
1291 1629 1423 1693 equum,
1447 1625 1498 1673 tu·

239 1718 350 1794 nelias,
366 1718 505 1778 triticum
532 1730 562 1778 et
579 1737 700 1778 asseres
717 1717 821 1777 eidem
842 1717 1081 1778 accomodasset
1097 1732 1128 1777 et
1151 1716 1256 1777 nullas
1273 1717 1443 1798 peccunias
1460 1718 1502 1779 ab

239 1826 353 1887 eodem
379 1824 515 1885 Nicolao
543 1824 722 1905 recepisset,
754 1824 809 1883 sed
842 1843 900 1884 nec
932 1824 1037 1884 eidem
1063 1822 1199 1885 condam
1232 1822 1368 1885 Nicolao
1393 1824 1501 1907 propi-

237 1945 352 2008 nasset,
376 1930 616 2011 (insanientum)
641 1930 671 1990 in
697 1950 749 1990 ara
767 1944 872 1990 sancte
892 1929 1005 1991 Crucis
1024 1943 1162 2011 prestare
1186 1929 1346 1990 tenebitur
1361 1950 1369 2005 ;
1387 1949 1502 1991 secun·

238 2037 328 2097 dario
353 2037 470 2117 pariter
495 2036 655 2097 tenebitur
680 2036 794 2097 eodem
821 2036 872 2096 die
906 2050 1063 2116 quantum
1089 2036 1259 2097 valuerunt
1282 2035 1447 2118 premissa,
1472 2049 1503 2098 et

238 2142 314 2204 dnm
333 2141 460 2220 jurabit,
478 2156 592 2202 extunc
610 2142 695 2221 juxta
713 2142 977 2203 consuetudinem
997 2141 1080 2203 dicte
1105 2142 1242 2203 civitatis
1254 2141 1378 2203 solucio
1394 2142 1501 2203 eidem

238 2248 345 2309 Blasio
370 2248 468 2327 judici
494 2247 565 2324 liet,
598 2248 638 2308 de
671 2268 735 2329 quo
762 2247 882 2327 jndicio
915 2248 1091 2328 juratorum
1124 2247 1270 2309 Thomas
1294 2247 1379 2309 filins
1402 2248 1503 2331 ipsius

239 2354 374 2415 condam
401 2354 526 2415 Nicolai
552 2351 701 2415 aurifabri
729 2354 759 2414 in
786 2374 921 2435 persona
946 2353 1066 2436 prefate
1095 2354 1226 2416 domine
1252 2355 1362 2416 matris
1384 2367 1416 2416 et
1439 2352 1501 2417 fra-

236 2475 320 2522 trum
346 2480 477 2521 suorum
503 2460 637 2521 eandem
664 2479 791 2520 causam
817 2460 856 2521 ad
882 2461 1024 2521 seniores
1048 2461 1222 2541 appellavit
1247 2460 1379 2537 judices.

342 2567 419 2627 ltem
446 2587 572 2627 causam
600 2567 680 2627 inter
705 2566 867 2628 Thomam
887 2565 1020 2628 Cheden
1047 2580 1077 2627 et
1094 2567 1176 2627 inter
1200 2567 1386 2628 Benkoaem
1412 2566 1501 2627 insti·

237 2688 338 2733 torem
365 2674 491 2733 racione
517 2693 572 2733 sue
597 2672 798 2733 detensionis
822 2692 878 2754 per
903 2672 1072 2732 dominum
1093 2672 1255 2751 comitem,
1280 2672 1371 2754 jurati
1389 2692 1501 2755 proro-

236 2794 351 2859 garunt
377 2800 478 2860 usque
503 2782 642 2861 primunr
668 2779 823 2859 judicium
853 2780 877 2839 si
912 2779 1107 2840 concordare
1142 2793 1303 2860 poterunt,
1328 2792 1359 2841 et
1382 2780 1408 2841 si
1433 2800 1500 2843 non

237 2887 489 2962 concordabunt,
515 2885 567 2946 liet
592 2886 745 2961 judicium
775 2886 856 2945 inter
881 2885 1021 2947 eosdem.

345 2992 420 3052 lteni
447 3012 573 3052 causam
609 2993 689 3052 inter
722 2992 864 3052 Blasium
898 2992 1042 3052 villicum
1076 2992 1114 3051 de
1149 2992 1220 3052 vico
1246 2992 1381 3055 Abbatis
1417 2994 1501 3055 Len-

238 3099 353 3180 danyn
388 3099 521 3175 dictum,
552 3113 582 3158 et
615 3099 696 3158 inter
730 3098 944 3158 laurencium
978 3098 1095 3179 Sporar
1127 3099 1205 3158 alias
1237 3099 1387 3160 comitem
1413 3119 1500 3161 com-

240 3204 416 3281 munitatis,
442 3206 569 3265 racione
595 3204 815 3284 permissionis
841 3203 945 3264 eidem
979 3205 1162 3265 communia
1187 3225 1303 3286 pascua
1328 3206 1395 3266 sine
1419 3208 1500 3269 scitu

238 3323 268 3367 et
294 3309 425 3369 licencia
451 3311 701 3386 communitatis,
727 3324 757 3370 et
782 3310 856 3389 qnia
882 3310 947 3390 ipse
979 3311 1172 3370 laurencius
1196 3309 1288 3391 fregit
1313 3326 1343 3373 et
1368 3313 1501 3375 violavit

239 3415 344 3475 literas
369 3417 545 3493 comitales,
571 3436 646 3495 ergo
671 3417 757 3496 quod
785 3430 1046 3497 quantocumque
1068 3417 1134 3498 ipse
1160 3418 1283 3478 Blasius
1308 3418 1433 3479 villicus
1452 3435 1499 3482 est

238 3521 482 3602 danapnilicatus
503 3538 532 3582 et
565 3524 746 3583 terciusnaet
764 3522 866 3601 jurare
883 3524 1011 3604 poterit,
1029 3522 1105 3583 feria
1123 3538 1207 3583 sexta
1226 3526 1371 3605 proxima
1390 3526 1419 3586 in
1445 3547 1499 3587 ara

237 3642 344 3687 sancte
370 3628 481 3689 Crucis
506 3649 600 3709 snper
625 3630 693 3710 ipso
719 3629 860 3709 tianipno
885 3628 987 3707 jurare
1012 3631 1181 3707 tenebitur,
1208 3632 1273 3711 ipse
1301 3632 1498 3694 laurencius

238 3734 268 3793 in
296 3734 351 3793 illo
377 3735 480 3794 eidem
507 3736 614 3795 lllasio
639 3735 763 3795 solvere
796 3736 969 3813 tenebitur,
994 3750 1023 3796 et
1049 3736 1125 3796 llum
1158 3736 1274 3815 jurabit
1300 3738 1330 3797 in
1356 3738 1410 3799 tali
1437 3740 1499 3799 bir-

237 3840 326 3919 sagio
351 3854 379 3900 et
405 3841 571 3901 solucione
596 3840 818 3901 communitati
842 3842 1039 3916 remanebit;
1065 3842 1103 3901 cle
1129 3861 1193 3922 quo
1218 3842 1338 3921 judicio
1356 3845 1498 3925 ipsorum

237 3944 412 4022 juratorum
439 3948 504 4027 ipse
540 3947 733 4007 laurencius
765 3966 828 4006 uon
862 3961 1030 4008 contentus
1063 3949 1197 4009 eandem
1229 3969 1355 4010 cansam
1380 3951 1419 4011 ad
1452 3971 1498 4011 se·

238 4052 344 4112 niores
367 4054 557 4133 appellasset
585 4053 717 4132 judices.

291 4290 435 4359 Sabbata
466 4290 615 4377 proximo
645 4301 718 4379 past
760 4294 880 4363 festum
916 4293 1145 4365 Exaltacionis
1174 4306 1290 4367 sancte
1319 4296 1445 4368 Crucis.

726 4458 789 4521 (20.
815 4448 1002 4521 srplrmluir).

346 4584 495 4644 Seuiores
528 4585 648 4661 judices
680 4606 806 4647 causam
840 4587 921 4647 inter
948 4588 1086 4648 lllasium
1122 4590 1259 4666 judicem
1285 4594 1498 4676 Ztoyntylych

239 4688 371 4761 dictum,
404 4705 434 4750 et
466 4692 630 4751 concivem
665 4707 820 4767 nostrum,
853 4712 909 4774 per
934 4694 1052 4769 iuratos
1084 4696 1167 4755 dicte
1200 4697 1336 4759 civitatis
1369 4702 1498 4762 racione

240 4794 334 4854 unius
358 4795 454 4876 ciphi,
472 4796 567 4857 unius
587 4798 673 4879 eqni,
691 4818 806 4859 novem
833 4818 1054 4861 mensurarum
1072 4804 1178 4880 tritici,
1195 4802 1368 4867 duodecim
1394 4808 1498 4869 tunel·
