3488 5272
583 302 670 361 Anno
695 313 785 380 1470.
811 336 852 345 —
876 315 926 377 19.
942 300 1096 379 januarii.
1433 301 1493 383 363

231 515 407 598 Dyonisius
423 529 526 579 certos
543 516 661 597 probos
684 528 802 577 eotunc
818 514 905 575 viros
921 513 953 574 in
969 512 1089 593 iudicio
1107 513 1310 594 produxerat,
1334 513 1388 595 qui
1414 513 1496 575 inter

232 623 359 683 easdem
385 637 489 704 partes
513 642 608 706 super
631 622 783 683 omnibus
807 620 898 682 lactis
929 635 958 681 et
991 620 1140 702 dampnis
1165 621 1245 682 inter
1270 623 1355 703 ipsos
1380 621 1496 683 habitis

231 729 489 807 concordassent,
502 743 596 809 prout
613 728 672 789 hoc
688 728 719 789 in
733 728 916 809 supradicto
926 727 1078 789 catherno
1091 741 1235 809 tempore
1249 727 1407 806 judicatus
1420 747 1495 788 con·

231 835 305 897 dam
323 836 451 897 Andree
470 835 665 918 Symwnych
680 834 720 895 de
738 853 823 894 anno
834 833 965 895 Domini
977 833 1130 896 Mcccc
1148 833 1345 915 sexagesimo
1370 849 1496 910 octavo,

232 940 310 1003 leria
335 956 420 1003 sexta
446 941 591 1024 proxima
609 955 681 1001 ante
700 939 813 1001 fesium
836 941 927 1002 beate
947 940 1047 1001 Elene
1075 941 1184 1021 regine
1203 941 1233 1000 in
1251 940 1376 1021 scriptis
1392 940 1493 1001 conti·

233 1062 345 1123 netur3
369 1061 401 1110 et
425 1048 501 1128 quia
518 1047 604 1108 idem
630 1046 818 1108 Thomasko
843 1060 952 1107 contra
971 1046 1110 1108 eundern
1133 1046 1325 1128 Dyonisium
1342 1061 1495 1107 sartorem

231 1154 265 1214 in
288 1152 409 1233 judicio
434 1155 646 1236 proponebat,
671 1152 746 1232 quia
772 1153 839 1233 ipse
864 1166 935 1234 post
963 1153 1104 1214 habitam
1130 1153 1231 1234 ipsam
1257 1153 1393 1235 primam
1418 1172 1497 1214 con·

232 1259 375 1321 cordiam
400 1280 432 1321 se
458 1260 563 1321 eidem
588 1257 776 1319 Thomasko
810 1259 915 1320 taliter
938 1259 1121 1340 obligasset,
1154 1259 1241 1340 quod
1267 1260 1291 1319 si
1318 1261 1384 1341 ipse
1410 1260 1495 1341 Dyo·

234 1367 333 1427 nisius
357 1380 470 1448 expost
494 1366 600 1427 eidem
633 1365 766 1446 aliquod
799 1365 976 1447 dampnum
1009 1367 1219 1446 obprobriose
1247 1362 1375 1443 faceret,
1407 1366 1495 1447 quod

234 1492 291 1533 nec
317 1473 421 1554 ipsum
447 1473 586 1554 primum
614 1470 730 1532 lactum
757 1491 822 1532 non
856 1487 937 1533 esset
961 1472 1066 1532 eidem
1091 1491 1231 1554 parsum,
1257 1488 1286 1533 et
1310 1472 1385 1552 quia
1411 1473 1494 1533 idem

234 1579 423 1640 Thomaslto
449 1579 573 1640 nullum
593 1578 725 1639 evidens
748 1579 968 1639 testimonium
990 1598 1141 1660 supereo
1166 1597 1272 1639 coram
1298 1579 1391 1640 nobis
1409 1598 1496 1640 com·

234 1687 369 1766 probare
402 1705 465 1746 non
500 1685 614 1767 potuit,
648 1685 721 1745 ideo
754 1705 812 1745 nos
844 1685 923 1745 illud
957 1684 1171 1761 juramentum
1203 1685 1311 1746 eidem
1337 1685 1494 1767 Dyonisio

235 1793 346 1853 sartori
378 1813 434 1874 per
458 1791 578 1872 juratos
609 1791 827 1867 adjudicatum
860 1791 1104 1867 confirmamus3
1140 1791 1178 1851 de
1212 1792 1411 1873 quoquidem
1448 1790 1493 1867 ju·

235 1898 320 1959 dicio
346 1913 455 1960 nostru
481 1899 546 1980 ipse
571 1897 760 1958 Thomaslto
786 1918 850 1958 non
868 1912 1037 1959 contentus
1061 1897 1195 1958 eandem
1215 1917 1342 1959 causam
1368 1898 1399 1958 in
1425 1917 1494 1979 pre·

233 2006 372 2066 senciam
406 2005 548 2084 magistri
588 2005 834 2065 tawarnicorum
875 2004 1031 2083 regalium
1072 2004 1289 2085 (appellavit),
1324 2004 1495 2064 terminum

234 2126 383 2171 octavum
400 2110 486 2171 diem
509 2109 577 2169 festi
598 2109 851 2191 Epiphaniarum
869 2130 977 2170 coram
995 2110 1109 2170 eodem
1126 2109 1333 2190 comparendi
1352 2109 1497 2191 proxime

234 2233 403 2277 venturum
429 2216 579 2276 duximus
603 2217 760 2276 ambabus
785 2216 927 2296 partibus
952 2215 1185 2297 prehgendum.

340 2340 416 2402 ltem
443 2340 474 2400 in
508 2359 601 2399 causa
635 2340 715 2400 inter
749 2359 879 2400 uxorem
913 2339 1101 2400 Thomasko
1133 2354 1164 2401 et
1197 2339 1278 2401 inter
1306 2339 1497 2400 Michaelem

235 2446 405 2529 pellificem
432 2465 577 2527 parvum,
604 2465 658 2526 per
683 2445 803 2525 juratos
828 2447 955 2506 racione
981 2445 1229 2527 vituperationis
1254 2460 1283 2505 et
1309 2444 1499 2505 dehonesta-

235 2555 336 2615 tionis
358 2553 466 2613 uxoris
490 2572 545 2612 sue
571 2551 676 2629 judice
701 2572 759 2633 pro
784 2551 935 2613 tribunali
962 2551 1104 2628 sedente,
1130 2571 1188 2611 nos
1212 2552 1354 2612 seniores
1379 2549 1499 2629 iudices

234 2660 514 2735 confirmavimus3
539 2672 570 2720 et
602 2659 676 2739 quia
711 2658 794 2719 idem
830 2657 965 2719 Michael
999 2658 1135 2718 eandem
1169 2676 1297 2718 causam
1324 2656 1498 2738 appellavit

235 2770 266 2830 in
291 2767 489 2849 presenciam
516 2766 657 2846 magistri
675 2764 943 2826 thawarnicorum
974 2765 1140 2846 regalium,
1165 2765 1323 2847 prefatum
1348 2779 1497 2826 octavum

235 2876 320 2937 diem
346 2887 417 2956 post
442 2874 557 2934 festum
592 2871 817 2934 penthecostes
850 2873 1056 2954 comparendi
1090 2873 1240 2932 duximus
1265 2871 1498 2953 prefigendum.

339 2998 416 3058 ltem
442 2997 474 3057 in
506 3015 600 3056 causa
637 2997 718 3057 inter
751 2997 950 3058 Anthonium
982 3013 1123 3058 sutorem
1155 3016 1309 3077 generum
1344 2995 1498 3057 Anthonii

236 3104 389 3165 institoris
424 3118 454 3164 et
479 3103 560 3163 inter
592 3102 762 3163 Nicolaum
792 3102 1009 3185 Wrecharych
1035 3104 1162 3163 racione
1195 3101 1425 3184 perl'oracionis
1449 3122 1498 3162 ce·

237 3211 316 3288 larii,
341 3230 396 3292 per
420 3209 540 3288 juratos
564 3207 778 3284 adjudicatam
809 3225 837 3271 et
870 3210 909 3271 ad
935 3229 993 3271 nos
1026 3211 1167 3270 seniores
1199 3209 1321 3288 judices
1345 3229 1401 3291 per
1425 3230 1497 3291 pre·

238 3316 338 3377 latum
364 3315 534 3376 Nicolaum
570 3314 776 3394 appellatam,
813 3336 871 3377 nos
893 3317 1035 3378 seniores
1059 3316 1180 3395 judices
1215 3315 1443 3377 conlirmamus
1467 3331 1500 3377 et

236 3424 461 3504 approbamus.

343 3548 418 3608 Item
452 3567 579 3607 causant
615 3547 695 3606 inter
729 3547 910 3608 Emericunt
944 3547 1166 3629 Sydou‘chych
1196 3562 1225 3607 et
1252 3549 1332 3607 inter
1368 3544 1496 3607 Gerilak

235 3668 375 3715 sutorem
402 3654 529 3714 racione
555 3653 752 3733 recepcionis
777 3654 816 3714 de
834 3654 927 3714 vinea
951 3655 1051 3735 ipsius
1069 3655 1204 3714 Emerici
1232 3655 1355 3715 rituum
1375 3653 1497 3734 planta-

236 3775 353 3838 torum,
378 3780 434 3842 per
459 3760 579 3837 juratos
596 3759 823 3837 adjudicatam,
848 3781 906 3821 nos
930 3762 1073 3821 seniores
1098 3761 1218 3837 judiees
1244 3762 1344 3841 ipsam
1370 3781 1497 3822 causam

235 3865 472 3929 confirmamus.

264 4102 359 4176 feria
388 4115 511 4193 quarta
542 4108 695 4192 proxima
729 4114 807 4176 ante
845 4106 966 4176 lestum
996 4107 1229 4178 Contersionis
1258 4106 1346 4176 beati
1377 4107 1471 4176 Pauli

545 4227 699 4317 apostoli.
729 4247 813 4300 anno
842 4242 904 4302 etc.
933 4235 1187 4318 septuagesimo.

739 4400 805 4479 (24.
823 4400 994 4475 jitnutm‘r').

345 4560 421 4622 ltem
447 4579 574 4622 causam
594 4560 674 4620 inter
697 4558 888 4641 Dyonisium
906 4573 1071 4637 sartorem,
1096 4561 1282 4638 Achaeium,
1301 4561 1499 4643 Stephanum

236 4664 396 4749 plathnar,
421 4667 564 4728 Marcum
599 4665 804 4747 Gurakoych,
837 4664 1030 4746 Gregorium
1057 4682 1197 4728 sutorem
1231 4684 1261 4727 et
1286 4666 1417 4730 Gallum
1449 4689 1501 4730 su·

237 4786 352 4850 torem,
377 4786 411 4833 ut
435 4788 569 4851 actores,
601 4787 632 4835 et
665 4773 746 4834 inter
770 4772 906 4833 condam
945 4773 1107 4833 ,andream
1142 4774 1336 4856 Symwnych
1361 4774 1499 4854 judicem
