3488 5272
588 384 676 443 Anno
698 379 789 461 1461.
815 418 856 427 —
877 395 926 460 27.
951 385 1125 446 membris.
1426 403 1483 446 211

331 592 408 655 ltem
434 594 521 655 idem
546 594 714 676 Philippus
737 595 884 659 similiter
908 598 983 659 bina
1008 597 1076 658 vice
1100 596 1215 658 citatus
1238 611 1348 659 contra
1374 597 1489 679 Elyam

224 711 366 759 sutorem
393 718 458 761 non
483 699 664 782 comparuit
688 700 720 761 in
745 700 865 780 judicio
890 721 999 764 coram
1024 702 1127 763 nobis.

332 804 410 867 ltem
428 806 530 887 prima
554 805 624 868 vice
640 807 872 888 proclamatum
891 821 938 871 est
959 809 1012 889 (de
1029 807 1141 889 literis)
1158 828 1253 889 super
1269 808 1385 870 domos
1408 828 1483 870 con·

225 911 298 973 dam
314 912 447 994 provide
462 912 606 974 mulieris
620 913 717 974 Lucia
735 928 846 976 vocate
864 915 903 976 de
921 915 992 976 vico
1004 915 1202 992 Latinorum,
1221 915 1251 975 in
1266 915 1347 975 dicta
1359 915 1485 976 civitate

226 1015 418 1095 habitarum,
443 1037 506 1099 que
531 1019 699 1080 casualiter
722 1033 796 1080 sunt
827 1020 953 1099 amisse,
979 1034 1012 1081 ut
1044 1024 1067 1080 si
1094 1021 1166 1102 quis
1190 1021 1318 1081 easdem
1344 1020 1486 1097 liaberet,

224 1122 353 1184 easdem
378 1123 409 1184 in
435 1122 556 1201 judicio
578 1143 686 1185 coram
720 1125 814 1185 nobis
847 1126 1023 1206 producere
1055 1139 1212 1201 teneatur,
1244 1125 1389 1206 alioquin
1415 1140 1486 1208 post

224 1230 355 1291 terciam
380 1231 673 1311 proclamacionem
704 1232 865 1293 dabuntur
889 1232 979 1293 litere
1010 1251 1105 1313 super
1129 1232 1257 1293 easdem
1283 1232 1399 1293 domos
1423 1232 1487 1292 illis

225 1337 343 1417 quibus
367 1351 558 1418 congruunt,
591 1337 741 1400 videlicet
765 1336 829 1399 filie
860 1338 978 1399 sororis
1010 1337 1153 1399 eiusdem
1186 1337 1323 1399 condam
1356 1338 1488 1399 domine

226 1443 323 1504 Lucie
348 1444 472 1504 concivi
499 1458 605 1505 nostre
630 1444 720 1504 uxori
747 1444 833 1506 Luce
857 1445 984 1506 sutoris.

333 1549 410 1612 ltem
436 1568 564 1610 causam
590 1550 671 1610 inter
697 1549 870 1611 Cristinam
896 1551 1039 1612 relictam
1065 1550 1203 1611 condam
1230 1551 1384 1612 lanltonis
1401 1571 1488 1613 areu·

224 1658 309 1737 paris
334 1672 363 1718 et
389 1658 470 1718 inter
494 1656 596 1718 lilium
622 1657 766 1718 eiusdem
801 1658 966 1735 lanlronis,
998 1656 1183 1739 pellificem,
1207 1657 1299 1738 jurati
1326 1656 1488 1737 adjudica·

225 1777 339 1824 verunt
362 1763 477 1840 taliter,
503 1763 591 1844 quod
615 1776 841 1824 testamentum
868 1762 1069 1840 confirmant,
1093 1763 1149 1825 sed
1168 1763 1222 1823 illa
1246 1764 1305 1825 tria
1330 1784 1403 1824 vasa
1421 1783 1487 1824 are-

226 1882 306 1930 stata
331 1870 395 1930 vini
421 1869 472 1930 hic
497 1870 528 1930 in
565 1869 693 1931 civitate
717 1869 824 1931 habita
849 1888 905 1950 per
935 1868 1037 1930 filium
1070 1869 1213 1930 eiusdem
1240 1870 1403 1947 lankonis,
1429 1870 1487 1951 ipsi

224 1973 291 2036 filio
324 1976 467 2036 eiusdem
501 1976 655 2036 Janlronis
686 1975 912 2054 adjudicarunt
943 1976 1101 2057 pertinere
1134 1995 1170 2035 ex
1203 1995 1261 2053 eo,
1293 1976 1368 2055 quia
1403 1974 1488 2036 filius

224 2081 367 2142 eiusdem
386 2081 562 2162 legittimus
586 2081 710 2156 existit;
734 2082 774 2142 de
792 2100 858 2162 quo
881 2081 1001 2160 iudicio
1019 2082 1169 2142 Marenus
1194 2083 1326 2142 maritus
1343 2082 1487 2144 eiusdem

224 2186 386 2248 Cristinne
411 2207 476 2248 non
501 2201 671 2249 contentus
695 2187 830 2248 eandem
864 2207 991 2249 causam
1026 2187 1057 2248 in
1090 2207 1226 2269 persona
1251 2188 1409 2249 consortis
1432 2207 1488 2248 sue

223 2295 262 2355 ad
287 2296 430 2356 seniores
453 2294 576 2374 judices
600 2295 785 2377 appellavit.

330 2401 405 2462 ltem
442 2420 569 2462 causam
604 2402 685 2462 inter
710 2402 916 2463 Valentinum
949 2416 979 2463 et
1003 2401 1166 2463 Thomam
1197 2415 1322 2463 sutores
1353 2403 1481 2465 racione

223 2506 459 2567 verberacionis
483 2521 514 2567 et
537 2507 703 2587 sanguinis
719 2505 883 2567 effusionis
900 2506 993 2585 jurati
1009 2507 1284 2585 adjudicaverunt,
1305 2508 1393 2588 quod
1410 2528 1480 2590 pre·

223 2611 304 2672 latus
322 2613 510 2674 Valentinus
526 2626 614 2674 sutor
632 2613 858 2674 secundusmet
881 2613 1021 2693 (jurabit)
1037 2613 1068 2674 in
1081 2634 1133 2674 ara
1148 2629 1255 2676 sancte
1273 2613 1386 2675 Crucis
1403 2613 1480 2675 leria

224 2734 310 2779 sexta
336 2719 481 2800 proxime
505 2733 650 2796 ventura,
674 2719 762 2799 quod
788 2720 854 2800 ipse
880 2719 1025 2780 Thomas
1049 2739 1143 2800 super
1168 2720 1306 2781 eundem
1332 2720 1484 2801 premissa

223 2822 308 2902 lecit,
334 2839 363 2886 et
389 2826 466 2886 dunt
492 2824 609 2903 jurabit
633 2839 708 2885 tunc
733 2826 800 2906 ipse
825 2825 971 2886 Thomas
1003 2826 1167 2887 convictus
1191 2840 1238 2887 est
1272 2840 1383 2888 contra
1408 2846 1485 2887 eun-

225 2931 297 2991 dem
333 2931 539 2992 Valentinum
574 2931 604 2991 in
637 2931 726 2991 XXV
758 2932 865 3012 pensis
896 2932 1102 2993 denariorum
1136 2946 1167 2992 et
1198 2932 1420 2994 communitati
1455 2933 1485 2992 in

223 3038 368 3118 quinque
394 3036 510 3118 pensis.

332 3143 409 3205 ltem
435 3163 528 3204 causa
554 3143 636 3203 inter
660 3159 845 3204 executores
869 3143 1006 3204 condam
1031 3144 1110 3205 l'ero
1136 3144 1226 3220 iurati
1254 3158 1283 3206 et
1309 3146 1390 3206 inter
1416 3145 1486 3205 Bla-

227 3250 309 3311 sium
335 3251 495 3311 seniorem
513 3249 663 3329 juratum,
681 3264 846 3326 sartorem,
871 3250 999 3311 racione
1017 3250 1183 3312 cniusdam
1210 3251 1313 3312 dentis
1338 3252 1484 3311 unicorni

225 3356 356 3418 dimissa
382 3372 427 3417 est
452 3357 482 3417 in
509 3357 643 3438 pristino
667 3370 761 3417 statu.

329 3463 406 3525 ltem
432 3482 559 3524 causam
586 3464 666 3523 inter
698 3476 879 3523 consortem
913 3462 1089 3543 limburgh
1114 3476 1144 3522 et
1177 3463 1319 3524 relictam
1344 3462 1482 3524 condam

225 3568 380 3650 Stephani
417 3568 573 3630 carnificis
605 3570 733 3630 racione
762 3569 849 3650 palii,
877 3567 969 3647 jurati
1002 3568 1277 3646 adjudicaverunt,
1302 3569 1389 3648 quod
1417 3569 1482 3649 ipsa

223 3695 355 3736 consors
388 3674 565 3756 Lintburgh
595 3675 711 3752 iurabit
740 3675 877 3737 solamet
908 3688 1063 3754 quantum
1090 3675 1188 3735 valuit
1220 3690 1336 3736 cotunc
1362 3675 1481 3755 palium

222 3800 295 3841 curn
321 3783 425 3862 ipsum
451 3782 490 3842 ad
508 3782 764 3842 conservandum
790 3781 895 3842 eidem
914 3780 1055 3855 tradidit,
1078 3795 1107 3840 et
1133 3781 1209 3841 dum
1237 3780 1362 3857 iurabit,
1388 3780 1484 3840 hodie

221 3887 313 3948 datus
338 3902 383 3948 est
408 3888 564 3948 terminus
587 3887 764 3949 solucionis
788 3887 904 3947 tercius
928 3887 1007 3962 dies,
1032 3901 1062 3947 et
1088 3902 1133 3947 est
1157 3888 1273 3949 soluta.

329 3994 404 4054 ltem
432 3994 568 4054 Mathias
593 4008 693 4056 sartor
719 3994 863 4069 claudus,
889 3994 977 4068 civis,
996 4008 1104 4053 contra
1132 3994 1300 4054 Nicolaum
1318 4007 1484 4068 sartorem,

219 4101 377 4161 seniorem
405 4100 541 4177 iuratum
568 4101 671 4181 primo
696 4101 810 4161 citatus
834 4119 898 4161 non
923 4100 1114 4181 comparuit.

516 4336 609 4409 Faria
640 4347 736 4409 sexta
766 4337 917 4427 proxima
946 4347 1024 4409 ante
1055 4338 1196 4409 hadrae.

717 4496 782 4566 (27.
806 4491 993 4567 novembris).

328 4628 404 4691 ltem
431 4630 563 4710 provida
589 4631 706 4692 mulier
732 4630 909 4713 Elyzaheth
935 4651 1066 4692 consors
1085 4631 1204 4693 Mathie
1230 4631 1309 4692 labri
1335 4632 1414 4692 alias
1439 4653 1486 4692 re·

221 4734 294 4797 licta
320 4736 476 4797 iohannis
501 4736 604 4797 Losalr
629 4736 708 4798 olim
735 4738 877 4799 concivis
901 4738 1013 4814 nostri,
1039 4739 1070 4797 id
1096 4758 1168 4799 cum
1195 4737 1366 4800 sullicienti
1400 4741 1487 4800 testi·

221 4841 333 4903 monio
357 4860 464 4903 coram
489 4842 584 4903 nobis
608 4842 640 4903 in
665 4842 741 4904 sede
762 4842 928 4921 judiciaria
946 4843 1181 4927 comprobavit,
1199 4843 1368 4928 quomodo
1386 4844 1487 4907 Bene·
