3488 5272
242 365 306 428 254
655 348 742 406 Anno
764 345 858 425 1464.
885 381 925 390 —
950 341 982 408 8.
999 348 1093 422 simii.

349 562 424 622 ltem
451 561 634 623 Demetrius
651 580 738 621 rasor
762 579 942 642 pannorum
967 559 997 619 in
1023 559 1164 639 quodam
1182 556 1266 620 facto
1291 559 1505 641 quarumdam

242 668 470 750 peccuniarum
495 688 511 728 a
531 667 672 749 quodam
696 667 859 729 Demetrio
877 667 1048 748 jobagione
1066 681 1239 748 receperat,
1258 687 1340 748 quos
1356 667 1509 729 dominus

241 775 298 836 lan
325 776 427 836 banus
452 773 593 856 recipere
617 773 831 851 commiserat,
852 787 1086 834 sacramentum
1104 786 1244 854 prestare
1269 773 1418 852 debebat,
1435 793 1506 856 pre·

240 881 320 943 stitit
344 894 374 942 et
399 900 432 941 se
457 879 645 961 expurgavit
669 892 703 941 ut
727 879 849 940 debuit.

346 987 424 1050 ltem
449 1006 577 1048 causam
604 986 685 1047 inter
709 985 846 1047 condam
872 984 1052 1046 iohannem
1078 985 1238 1047 Werchek
1265 1000 1295 1046 et
1321 987 1505 1048 Emericum

239 1107 381 1155 sutorem
406 1092 508 1155 filium
542 1092 671 1154 Thome
705 1091 905 1174 perjuratus
937 1091 1151 1169 adjudicatam
1186 1093 1314 1153 racione
1338 1092 1506 1154 cuiusdam

241 1200 317 1276 vini,
342 1199 430 1280 quod
457 1199 523 1280 ipse
543 1199 709 1261 Emericus
734 1199 764 1259 in
783 1199 935 1258 omnibus
960 1218 1015 1279 per
1033 1198 1136 1280 ipsum
1162 1199 1299 1260 condam
1325 1200 1506 1261 iohannem

241 1306 400 1368 Werchek
418 1306 590 1387 propositis
607 1305 763 1366 innocens
780 1318 923 1386 repertus
941 1319 988 1366 est
1005 1318 1034 1367 et
1050 1305 1201 1383 inmunis,
1216 1319 1246 1366 et
1260 1325 1291 1364 se
1306 1306 1507 1387 expurgavit.

347 1411 423 1473 ltem
450 1412 525 1492 quia
551 1409 732 1492 Stephanus
764 1408 917 1488 carnifex,
942 1410 1052 1492 Zayko
1086 1409 1200 1487 dictus,
1225 1424 1335 1471 contra
1362 1412 1506 1472 Marcum

241 1517 420 1579 carnificem
448 1517 672 1599 Gurekowych
707 1518 835 1598 publice
868 1517 1033 1577 citacionis
1058 1515 1160 1578 forma
1196 1519 1375 1595 observata,
1399 1516 1505 1580 eidem

241 1626 349 1686 Marco
375 1644 585 1706 responsurus
609 1639 639 1686 et
664 1643 719 1705 per
736 1643 893 1705 precones
910 1637 1037 1685 nostros
1062 1624 1190 1706 publice
1208 1638 1349 1701 vocatus,
1376 1644 1433 1685 nec
1451 1643 1508 1706 per

240 1752 273 1792 se
297 1731 353 1794 sed
378 1751 436 1793 nec
462 1752 517 1813 per
553 1745 791 1812 procuratorem
809 1749 902 1791 suum
922 1730 960 1791 ad
986 1730 1140 1812 judicium
1167 1751 1230 1792 non
1249 1732 1336 1792 venit
1361 1750 1418 1791 nec
1435 1731 1508 1793 mit·
1573 1730 1580 1743 '

241 1852 305 1898 tere
332 1839 462 1900 curavit.

348 1944 423 2004 ltem
450 1962 576 2004 causam
604 1942 685 2004 inter
714 1941 878 2004 Thomam
912 1940 1104 2024 freniparem
1131 1956 1161 2003 et
1187 1943 1397 2004 Benedictum
1423 1942 1507 2004 auri·

241 2048 379 2127 fabrum,
404 2049 596 2110 modernum
629 2048 779 2128 juratum,
813 2049 942 2110 racione
967 2050 1132 2110 cuiusdam
1165 2063 1246 2110 terre
1271 2049 1428 2110 conducte
1452 2067 1508 2130 per

241 2156 378 2216 condam
405 2156 586 2218 Emericunr
614 2155 785 2231 Croacum,
810 2175 872 2236 que
898 2174 954 2236 per
971 2155 1145 2235 grandines
1170 2171 1216 2216 est
1240 2156 1411 2232 destructa,
1435 2168 1466 2216 et
1482 2155 1507 2215 si

241 2261 307 2343 ipse
333 2262 477 2322 Thomas
502 2281 565 2322 non
592 2262 681 2322 dabit
706 2261 811 2322 eidem
837 2260 952 2322 falcare
974 2261 1109 2322 eandem
1135 2276 1251 2323 terram
1277 2276 1307 2324 et
1332 2281 1432 2337 arare,
1454 2281 1506 2321 ex-

240 2381 315 2428 tunc
341 2368 407 2450 ipse
426 2368 618 2429 Benedictus
635 2368 756 2428 remisit
774 2367 832 2448 ipsi
852 2368 981 2429 Thome
999 2368 1134 2429 eandem
1153 2382 1269 2430 terram
1294 2387 1366 2429 cum
1385 2367 1507 2429 cunctis

240 2475 305 2534 suis
330 2474 540 2549 utilitatibus;
572 2474 611 2535 de
636 2493 701 2555 quo
735 2473 854 2551 judicio
885 2475 1026 2556 ipsorum
1056 2474 1233 2553 juratorum
1261 2475 1327 2556 ipse
1360 2473 1505 2535 Thomas

241 2600 305 2640 non
331 2593 500 2642 contentus
524 2581 563 2641 ad
588 2581 730 2641 seniores
754 2581 929 2661 appellavit
954 2580 1086 2659 judices.

348 2687 424 2747 ltem
459 2706 588 2747 causam
623 2686 703 2747 inter
736 2685 915 2747 iohannem
950 2686 1065 2746 Bolsak
1091 2701 1121 2747 et
1155 2687 1235 2746 inter
1268 2684 1395 2747 fratrem
1422 2686 1504 2746 Mar·

240 2793 342 2855 tinum
368 2793 532 2853 custodem
558 2793 656 2852 sancti
685 2792 842 2852 Francisci
866 2792 897 2852 in
915 2793 1070 2872 Zagrabia
1097 2793 1223 2853 racione
1242 2792 1414 2852 domorum
1434 2811 1503 2852 mu·

242 2915 380 2961 ratarum
407 2914 437 2961 et
461 2900 641 2960 sturionum
667 2912 695 2959 et
721 2899 858 2959 aliorum
885 2899 914 2958 in
940 2899 1023 2959 dicta
1057 2900 1184 2960 civitate
1211 2899 1403 2974 habitorum,
1429 2899 1503 2978 quia

241 3006 393 3066 dominus
428 3020 535 3066 noster
568 3005 703 3065 Mathias
737 3025 787 3064 rex
821 3003 1020 3065 confirmavit
1054 3005 1159 3065 literas
1183 3006 1264 3066 dicte
1291 3005 1425 3065 civitatis
1449 3024 1504 3085 per

242 3111 463 3191 givardianum
491 3110 597 3188 fassas,
621 3112 665 3170 sic
690 3110 851 3171 eteoclem
878 3111 976 3170 niodo
1000 3111 1092 3190 jurati
1118 3109 1315 3172 affirmarunt
1341 3110 1441 3171 dictas
1468 3111 1503 3170 li-

240 3233 323 3279 teras
348 3220 434 3277 bono
459 3218 558 3278 modo
583 3232 612 3278 et
638 3219 746 3278 debito
772 3216 870 3277 modo
896 3217 1098 3278 confirmatas
1122 3232 1151 3278 et
1177 3218 1352 3278 roboratas.

347 3324 424 3385 ltem
457 3344 583 3384 causam
611 3325 691 3384 inter
726 3325 884 3384 Marinum
918 3324 996 3384 alias
1029 3324 1166 3403 jndicem
1193 3339 1223 3385 et
1256 3325 1421 3384 concivem
1448 3343 1503 3384 no·

240 3444 350 3505 strum,
375 3430 476 3491 lilium
502 3430 623 3507 Klari0,
649 3431 688 3491 de
714 3431 842 3509 Segnia,
878 3430 1005 3490 racione
1038 3431 1250 3510 quarrumdam
1277 3431 1448 3490 domorum
1474 3444 1505 3491 et

239 3538 416 3597 stacionum
444 3538 473 3596 in
508 3538 591 3597 ‹licta
617 3538 744 3597 civitate
777 3537 968 3613 habitarum,
1001 3551 1029 3596 et
1062 3538 1137 3617 quia
1167 3538 1278 3597 eadem
1305 3557 1397 3597 causa
1434 3556 1503 3595 sen-

240 3643 463 3704 tencionaliter
489 3643 546 3703 luit
572 3643 752 3717 adjudicata
781 3663 838 3724 pro
863 3657 951 3724 parte
985 3644 1121 3704 condam
1149 3645 1243 3704 Blasii
1272 3643 1424 3703 institoris
1449 3663 1504 3724 per

241 3750 427 3829 magistrum
454 3750 698 3810 tau'arnicorum
735 3750 891 3830 regalium
925 3751 989 3831 ipse
1016 3751 1132 3811 ‹lomus
1164 3766 1192 3811 et
1218 3751 1374 3810 stationes
1399 3751 1502 3810 eidem

240 3856 377 3916 condam
412 3856 518 3915 Blasio
552 3857 700 3933 institori,
725 3872 755 3917 ct
787 3857 862 3937 quia
895 3857 995 3917 eciam
1029 3858 1248 3917 screnissimus
1277 3858 1422 3938 princeps
1447 3856 1503 3916 do·

241 3964 347 4024 minus
374 3964 508 4023 lrlathias
534 3983 585 4024 rex
612 3965 739 4025 easdem
766 3965 871 4025 literas
904 3965 1158 4025 sentencionales
1191 3965 1333 4025 eiusdem
1362 3965 1502 4043 magistri

240 4069 485 4129 tanarnicorum
519 4071 674 4149 regalium
707 4070 906 4131 conlirmavit
941 4086 969 4131 et
1004 4072 1185 4147 roboravit,
1218 4092 1294 4149 ergo
1326 4085 1355 4130 et
1388 4071 1501 4130 eodem

242 4175 340 4234 modo
366 4174 456 4248 jurati
484 4175 566 4237 lacto
593 4177 623 4237 in
643 4178 797 4256 premisso
822 4178 928 4238 taliter
948 4178 1148 4251 invenerunt,
1174 4178 1261 4257 quod
1281 4178 1346 4258 ipsa
1371 4178 1503 4237 <lomina

242 4280 349 4340 relicta
375 4281 473 4361 ipsius
497 4282 633 4341 condam
662 4283 755 4342 lllasii
795 4283 946 4342 institoris
971 4285 1109 4343 obtinuit
1142 4303 1268 4343 causam
1294 4302 1382 4342 suam
1408 4302 1503 4363 super

241 4387 391 4446 domibus
415 4389 586 4467 premissis,
621 4389 752 4469 ipseque
787 4390 929 4449 lllarinus
962 4410 1056 4471 super
1082 4389 1172 4449 illum
1206 4390 1355 4470 prosequi
1389 4389 1502 4449 debeat

242 4494 411 4573 peccunias
435 4514 506 4553 suas
530 4495 579 4553 cui
606 4495 679 4555 date
705 4509 795 4569 sunt;
828 4496 867 4554 tle
900 4516 965 4575 quo
993 4496 1111 4568 jndicio
1144 4495 1317 4571 juratorum
1345 4496 1410 4575 ipse
1436 4495 1502 4555 Ma-

241 4599 329 4658 rinus
354 4619 417 4659 non
443 4614 613 4661 contentus
637 4601 675 4660 ad
701 4602 843 4661 seniores
868 4602 949 4662 ‹licte
968 4602 1104 4661 civitatis
1128 4602 1300 4683 appellavit
1326 4601 1457 4679 judices.

348 4705 423 4766 ltem
449 4726 576 4766 causam
612 4708 692 4768 inter
726 4707 934 4768 llenetlicturn
963 4721 1103 4767 sutorem
1138 4708 1246 4788 llosyn
1273 4721 1302 4767 et
1329 4707 1500 4768 Martinum

240 4809 380 4891 judicem
418 4813 546 4873 racione
590 4813 805 4894 quorumdam
841 4816 1005 4891 roborum,
1037 4812 1128 4891 jurati
1162 4814 1266 4875 taliter
1300 4814 1502 4891 invenerunt,
