3488 5272
542 342 629 399 Anao
658 350 752 418 1471.
776 371 818 381 -
840 333 895 398 26.
918 337 1032 410 aprilis.
1372 338 1435 420 383

278 550 355 613 ltem
380 551 546 613 Emericus
568 552 700 635 sellipar
725 547 989 632 Pulzalroychyn.

277 658 354 721 ltem
378 658 543 721 Emericus
565 676 654 723 sutor
678 660 720 721 de
745 660 817 720 sico
841 672 987 719 sutorum
1013 676 1086 718 cum
1112 655 1210 718 Gallo
1234 676 1379 721 monens.

279 764 356 828 ltem
379 765 555 849 Gregorius
578 781 679 830 sutor.

280 870 355 935 ltem
378 872 516 935 Mathiss
538 888 628 937 sutor
651 874 788 957 Weryn.

281 976 356 1042 ltem
378 980 531 1043 Nieolaus
553 1002 653 1064 gener
676 980 867 1065 Wytesych.

280 1084 356 1149 item
379 1087 498 1150 Paulus
521 1088 692 1173 Ftvdrych.

281 1189 356 1254 ltem
379 1192 556 1276 Gregorius
577 1210 668 1258 sutor
690 1214 854 1258 successor
878 1192 1012 1272 Georgii
1037 1191 1164 1254 beksvi.

280 1296 355 1360 item
378 1298 465 1363 lwsn
488 1302 628 1386 sellipsr.

282 1400 357 1466 ltem
378 1406 493 1470 Berlels
516 1428 680 1471 successor
703 1408 834 1471 Martini
859 1406 985 1490 judicis.

281 1507 356 1574 ltem
379 1512 562 1577 Demetrius
584 1530 675 1578 sutor
699 1514 871 1599 Swychlry.

280 1615 356 1681 item
379 1618 494 1683 Gallus
515 1641 615 1703 gener
638 1622 790 1706 Fraylyn.

281 1723 356 1787 ltem
380 1728 537 1791 Martinus
558 1729 701 1814 Banych.

281 1829 357 1894 Item
382 1833 544 1915 Pongracz
568 1855 733 1918 pancersr.

282 1934 358 2001 ltem
382 1938 541 2022 Georgius
564 1957 653 2005 sutor
677 1943 800 2026 Rosyn.

283 2041 359 2107 ltem
382 2046 519 2109 lacobus
545 2062 634 2111 sutor
659 2047 854 2132 Bekethych.

285 2148 360 2212 item
386 2152 577 2217 Benedictus
599 2169 689 2217 sutor
713 2154 843 2218 Gerdalr
869 2155 983 2215 dictus.

284 2254 359 2319 ltem
383 2259 528 2323 Thomas
551 2261 765 2345 Ztrozkoych.

285 2362 358 2425 ltem
384 2366 501 2429 Paulus
525 2366 622 2432 leber.

284 2469 359 2533 ltem
384 2474 481 2555 Jurgh
506 2489 594 2538 sutor
619 2477 885 2558 Heninngoycze.

284 2576 359 2641 ltem
384 2581 520 2643 Mathias
542 2580 683 2666 frenipar
707 2585 788 2646 circa
814 2583 1002 2665 Selesnyak.

284 2683 359 2747 ltem
384 2686 504 2750 Francz
532 2689 654 2772 Jalchy.

284 2789 358 2854 ltem
383 2793 562 2877 Stephanus
585 2797 715 2879 sellipar
739 2815 837 2878 penes
861 2794 1064 2856 Clementem
1089 2804 1254 2852 sartorem.

284 2896 359 2960 ltem
383 2900 567 2964 Anthonius
590 2903 729 2984 agricola
754 2921 917 2964 successor
941 2897 1120 2980 Chaplyclr.

232 3129 325 3207 Faria
353 3146 452 3210 sexta
480 3142 634 3229 proxima
664 3150 739 3231 post
759 3141 881 3213 festum
910 3136 1001 3210 besti
1031 3131 1133 3207 Marci
1162 3130 1383 3215 sustinuisse.

701 3292 766 3371 (26.
790 3293 917 3369 aprilis).

283 3428 359 3493 item
384 3433 460 3514 quia
492 3435 659 3499 Emericus
691 3434 832 3517 frenipar
864 3430 1030 3495 familiaris
1063 3426 1187 3511 providi
1222 3424 1279 3485 riri
1308 3421 1436 3483 'l'lrorue

182 3530 347 3619 lreniparis
380 3539 514 3602 senioris
549 3541 664 3621 judicis
694 3555 726 3605 et
757 3541 898 3603 concivis
930 3552 1040 3599 contra
1067 3532 1264 3596 lienis-trium
1296 3542 1438 3589 suttucor

182 3640 340 3727 Swychky
363 3644 451 3725 dicti,
475 3648 580 3729 primo
611 3649 726 3711 citatus
757 3667 822 3710 non
847 3643 1028 3727 comparuit
1061 3659 1167 3703 corani
1194 3637 1287 3699 nolus
1311 3632 1437 3695 rucione

181 3767 238 3810 sue
259 3750 505 3815 vulneracionis.

284 3854 361 3918 ltem
386 3877 479 3921 causa
504 3860 588 3923 inter
612 3861 739 3939 Jansek,
765 3873 800 3923 ut
823 3872 975 3935 actorem,
1000 3869 1030 3917 et
1056 3854 1137 3914 inter
1161 3847 1331 3911 Nicolaum
1356 3840 1435 3919 agri·

182 3958 297 4041 colam,
319 3977 354 4025 ut
376 3964 409 4025 in
426 3984 553 4028 causam
571 3980 751 4044 attractum,
769 3979 815 4028 est
832 3975 1002 4047 prorogata
1020 3960 1059 4021 ad
1078 3954 1336 4033 jurisdicciooem
1354 3947 1437 4007 dicte

180 4064 317 4130 civitatis
340 4088 396 4151 per
420 4070 525 4152 ipsum
551 4072 722 4133 Nicolaum
747 4071 932 4153 agricolam.

285 4172 362 4236 item
388 4194 482 4238 causa
507 4177 590 4239 inter
607 4176 731 4259 Gaspar
748 4176 905 4238 famulum
932 4171 1054 4235 domini
1074 4166 1204 4245 Georgii
1222 4156 1437 4224 archidiaconi

181 4277 222 4341 de
244 4278 416 4344 Wrbowcz
440 4297 469 4344 et
495 4283 577 4345 inter
604 4283 688 4345 lwan
709 4297 850 4345 sutorem
884 4281 1011 4343 racione
1036 4269 1270 4335 vulnerucionis
1293 4262 1437 4327 eiusdem

182 4382 304 4469 Gaspar
326 4400 373 4449 est
395 4405 565 4469 prorogata
590 4409 692 4471 usque
717 4389 855 4471 primum
882 4384 1047 4466 judicium.

286 4490 363 4554 ltem
395 4494 514 4556 Micula
547 4495 711 4578 Jagodych
745 4508 855 4557 contra
889 4491 1061 4553 Martinunt
1096 4476 1299 4561 llrawkoych
1332 4474 1437 4557 primo

181 4594 296 4659 citatus
317 4616 382 4660 non
405 4601 585 4682 comparuit
610 4602 642 4662 in
667 4600 788 4679 judicio
812 4617 919 4661 coram
946 4593 1049 4657 nobis.

286 4702 364 4767 ltem
387 4705 464 4789 quis
488 4706 635 4769 Thomas
666 4706 813 4784 Cheden,
843 4702 951 4766 senior
974 4699 1106 4780 juratus,
1137 4691 1265 4755 racione
1289 4702 1438 4769 procura·

182 4806 285 4873 ‘lonis
306 4812 520 4895 quarumdam
544 4812 708 4875 literarum
732 4832 751 4873 s
774 4809 863 4889 regia
883 4806 1047 4871 Maiestate
1072 4794 1295 4863 communitati
1321 4804 1440 4867 nostre,
