3488 5272
595 333 787 413 Ann01467.
813 369 853 378 -
875 349 908 410 9.
925 336 1078 412 januarii.
1411 357 1472 418 3¹3

209 562 423 627 receptarum,
449 547 542 625 jurati
567 548 672 609 taliter
696 547 930 625 adjudicarunt,
963 548 1050 629 quod
1076 549 1143 630 ipse
1169 549 1353 611 Anthonius
1377 549 1472 630 iudex

212 653 295 731 justo
322 653 420 714 modo
446 654 531 734 ipsos
556 655 655 715 boves
680 653 848 734 recepisset
865 673 937 714 cum
956 655 1021 714 suis
1045 654 1172 733 juratis3
1197 655 1236 716 de
1262 675 1327 737 quo
1351 655 1472 736 judicio

212 761 353 841 ipsorum
372 761 548 839 juratorum
575 780 639 821 non
657 774 827 822 contentus
844 761 979 821 eandem
997 780 1124 822 causam
1148 762 1187 822 ad
1206 763 1348 824 seniores
1364 764 1472 844 appel·

210 867 304 926 lasset
328 866 458 946 judices.

315 974 391 1034 Item
416 993 543 1034 causam
571 974 652 1035 inter
677 974 840 1036 Thomam
865 973 966 1034 filium
997 973 1132 1034 condam
1159 975 1282 1035 Nicolai
1310 974 1474 1053 aurifabri,

209 1092 244 1140 ut
269 1094 420 1156 actorem,
447 1093 477 1140 et
502 1081 583 1140 inter
610 1081 750 1141 Blasium
783 1081 976 1141 modernum
1010 1079 1146 1159 juratum
1180 1081 1308 1142 racione
1333 1082 1472 1162 aprecia·

208 1188 310 1247 cionis
335 1189 451 1248 domus
476 1209 491 1247 a
517 1188 654 1248 condam
681 1189 815 1249 Nicolao
844 1187 1006 1249 aurifabro
1031 1201 1061 1247 et
1085 1188 1273 1248 assercionis
1298 1208 1362 1249 non
1386 1190 1472 1249 solu·

209 1294 319 1371 rionis,
344 1295 437 1375 jurati
469 1296 573 1355 taliter
605 1294 838 1374 adjudicarunt,
871 1316 908 1354 ex
941 1314 980 1356 eo
1012 1295 1086 1375 quia
1121 1295 1186 1376 ipse
1213 1296 1337 1357 Blasius
1369 1296 1472 1374 jurare

208 1401 368 1461 tenebitur
385 1402 541 1462 solusmet
558 1400 635 1462 feria
659 1414 743 1462 sexta
762 1402 906 1483 proxime
928 1416 1060 1462 ventura
1085 1401 1115 1460 in
1147 1422 1198 1462 ara
1224 1418 1329 1463 sancte
1348 1403 1473 1481 Crucis,

209 1508 296 1587 quod
324 1509 389 1588 ipse
417 1509 540 1569 Blasius
565 1509 690 1569 institor
714 1507 937 1568 omnimodam
955 1507 1154 1568 solucionem
1181 1508 1308 1568 racione
1333 1510 1473 1589 aprecia·

210 1616 313 1676 cionis
338 1617 454 1676 domus
480 1616 578 1697 ipsius
609 1616 745 1677 condam
773 1615 908 1692 Nicolai,
940 1614 1045 1675 eidem
1071 1615 1205 1676 Nicolao
1234 1615 1310 1676 dum
1336 1617 1473 1693 vixisset,

212 1721 429 1802 impendisset.

316 1828 392 1888 ltem
418 1848 544 1888 causam
572 1828 653 1887 inter
678 1828 847 1888 Nicolaum
865 1827 1084 1909 Vl'rechatych
1109 1828 1242 1906 dictum,
1266 1843 1418 1904 sutorem,
1443 1844 1474 1889 et

212 1933 294 1994 inter
319 1935 437 1995 Lucam
471 1948 624 2011 sutorem,
649 1935 809 1995 seniorem
843 1934 992 2013 juratum,
1021 1935 1106 1995 cives
1138 1935 1221 1995 dicte
1246 1935 1393 2011 civitatis,
1426 1955 1473 1995 ra·

210 2040 303 2100 cione
336 2041 468 2100 lesionis
500 2060 554 2120 per
587 2041 724 2114 vitulum
757 2041 913 2118 eiusdem,
945 2055 976 2102 et
1008 2041 1081 2121 quia
1111 2056 1177 2101 erat
1208 2042 1314 2101 eidem
1339 2041 1473 2102 Nicolao

208 2146 307 2206 sutori
335 2147 549 2224 juramentum
570 2145 787 2220 adiudicatum
814 2167 886 2206 cum
912 2166 976 2206 uno
994 2147 1061 2205 cive
1080 2145 1163 2206 dicte
1188 2147 1333 2222 civitatis,
1351 2161 1381 2207 et
1398 2147 1472 2227 quia

210 2253 276 2332 ipse
302 2253 455 2312 Nicolaus
479 2268 568 2312 sutor
592 2252 807 2331 juramentum
833 2252 945 2332 (quod)
964 2265 1030 2311 erat
1046 2252 1105 2311 sibi
1131 2251 1361 2328 adjudicatum,
1380 2267 1474 2333 prout

209 2358 346 2420 debebat
372 2380 435 2419 non
461 2360 611 2440 deposuit
635 2359 711 2440 quia
736 2378 808 2419 cunt
835 2378 898 2418 non
924 2359 1003 2435 cive,
1033 2358 1106 2418 ideo
1131 2359 1197 2438 ipse
1223 2359 1376 2419 Nicolaus
1400 2379 1472 2420 cau·

209 2484 275 2525 sam
302 2485 357 2526 sue
383 2466 622 2546 prosecucionis
655 2479 763 2526 contra
797 2465 901 2544 ipsum
929 2466 1048 2525 Lucam
1083 2465 1188 2525 amisit
1213 2480 1244 2526 et
1269 2465 1301 2526 in
1334 2466 1473 2547 birsagio

209 2573 432 2633 communitati
458 2572 545 2652 quod
563 2572 742 2653 promeruit
767 2586 813 2632 est
830 2571 1013 2646 convictus;
1038 2571 1077 2630 dc
1102 2590 1168 2651 quo
1193 2571 1313 2647 judicio
1330 2573 1471 2652 ipsorum

210 2678 385 2755 iuratorum
411 2679 477 2760 ipse
496 2679 649 2738 Nicolaus
673 2692 762 2738 sutor
787 2697 851 2737 non
870 2691 1040 2737 contentus
1058 2677 1194 2737 eandem
1220 2697 1347 2738 causam
1364 2679 1472 2759 appel·

209 2784 287 2845 lavit
310 2785 349 2844 ad
375 2785 517 2845 seniores
542 2784 663 2862 judices
686 2783 770 2844 dicte
795 2782 942 2843 civitatis.

316 2890 392 2951 ltem
419 2888 571 2951 Clemens
597 2891 781 2968 Hungarus,
799 2888 973 2949 modernus
996 2888 1116 2966 juratus
1141 2903 1170 2948 et
1195 2889 1273 2949 civis
1297 2889 1379 2951 dicte
1397 2891 1472 2950 civi-

210 2998 292 3072 tatis,
318 2997 532 3073 juramentum
557 2997 615 3055 sibi
641 2995 860 3070 adiudicatum
882 3009 992 3054 contra
1019 2994 1211 3076 Dyonisium
1238 2995 1405 3078 Sypchycb
1426 3016 1472 3055 ra·

210 3103 302 3163 cione
329 3102 495 3163 cuiusdam
522 3103 585 3162 vini
613 3102 789 3178 educillati‚
814 3101 962 3182 deposuit
987 3116 1082 3182 prout
1106 3101 1227 3162 debuit.
