3464 5266
613 332 699 389 Anno
721 341 810 409 1471.
834 365 878 376 —
905 328 956 393 18.
981 334 1131 409 januarii.
1435 333 1492 416 381

261 546 353 620 leria
383 557 480 619 sexta
510 551 662 637 proxima
687 558 764 620 ante
793 550 915 620 festum
944 550 1120 622 beatorum
1151 549 1285 623 Fabiani
1314 561 1348 624 et
1376 554 1473 623 Seba-

379 672 480 744 stiani
511 676 701 749 martirum.
731 694 816 744 anno
845 672 971 744 Domini
1002 673 1209 749 MCCCCLXX
1239 675 1355 765 primo.

737 822 800 899 (18.
824 827 991 902 januarii).

339 967 417 1028 ltem
443 966 481 1027 ad
507 966 700 1048 peticionem
718 967 881 1028 seniorum
898 965 1041 1046 judicum
1068 981 1099 1029 et
1115 967 1291 1046 juratorum
1309 983 1340 1031 et
1356 970 1494 1031 aliorum

235 1074 476 1154 quamplurium
502 1074 677 1154 proborum
694 1074 836 1134 virorum
862 1073 980 1134 civium
1006 1073 1089 1135 dicte
1118 1075 1253 1137 civitatis
1277 1096 1335 1157 pro
1360 1077 1418 1137 illo
1443 1077 1498 1138 de-

235 1180 311 1240 licto
337 1194 367 1241 et
394 1180 532 1258 birsagio
568 1199 634 1260 quo
659 1181 761 1240 Lucas
792 1193 894 1240 sartor
925 1180 1069 1258 claudus,
1101 1181 1242 1242 concivis
1266 1196 1383 1261 noster,
1407 1182 1493 1264 juxta

234 1285 512 1365 adjudicationem
537 1286 700 1347 seniorum
733 1285 910 1367 juratorum
935 1287 1019 1347 dicte
1051 1287 1186 1349 civitatis
1210 1289 1361 1351 videlicet
1384 1303 1493 1351 contra

233 1411 292 1451 nos
317 1391 455 1471 judicem
475 1404 506 1453 et
529 1406 602 1452 octo
620 1392 740 1473 juratos
757 1392 931 1453 modernos
956 1392 1039 1454 dicte
1056 1393 1204 1473 civitatis,
1223 1395 1372 1457 videlicet
1389 1410 1498 1457 contra

232 1497 412 1578 quemlibet
448 1510 593 1558 nostrum
630 1498 662 1558 in
699 1496 808 1558 decent
843 1498 957 1559 marcis
993 1499 1198 1561 denariorum
1231 1501 1395 1562 convictus
1427 1500 1498 1580 fuit,

233 1604 338 1664 eidem
373 1604 457 1664 Luce
490 1605 742 1666 misericordiam
774 1605 878 1667 taliter
910 1602 1055 1685 fecimus,
1089 1606 1176 1687 quod
1210 1608 1275 1689 ipse
1310 1608 1412 1669 Lucas
1436 1609 1495 1690 ipsi

234 1708 377 1789 Georgio
399 1710 529 1791 preconi
548 1730 605 1791 pro
630 1711 695 1771 suis
715 1711 900 1772 verberibus
924 1710 1178 1774 satisfaccionem
1197 1713 1381 1794 impendere
1405 1727 1494 1775 tene·

234 1817 339 1893 bitur;
364 1831 394 1878 et
417 1817 441 1877 si
468 1817 600 1878 ulterius
632 1817 663 1877 in
696 1817 881 1879 huiusmodi
916 1816 1040 1879 delictis
1064 1820 1115 1879 vel
1148 1819 1219 1880 aliis
1243 1816 1439 1881 facinoribus
1463 1833 1494 1880 et

233 1924 421 1984 criminibus
445 1937 636 1984 contrarios
660 1924 852 1986 modernum
877 1924 1016 2005 judicem
1041 1939 1071 1986 et
1104 1924 1224 2004 juratos
1249 1940 1279 1986 et
1304 1924 1427 1988 futuros
1451 1926 1497 2007 ju·

234 2029 337 2090 dicem
364 2043 394 2090 et
419 2029 539 2109 juratos
564 2029 648 2092 dicte
670 2031 808 2093 ‚civitatis
836 2031 1055 2112 deprehensus
1077 2029 1173 2094 fuerit
1189 2033 1240 2094 vel
1257 2033 1497 2115 perpetraverit,

238 2137 325 2218 quod
350 2151 426 2199 tunc
444 2138 477 2198 in
494 2138 650 2220 premisso
674 2138 814 2219 birsagio
836 2151 931 2221 prout
954 2139 1096 2201 seniores
1126 2139 1219 2221 jurati
1244 2139 1330 2202 dicte
1361 2139 1498 2202 civitatis

236 2245 401 2305 convictus
424 2245 483 2305 erit
507 2258 539 2306 et
561 2264 643 2325 pena
667 2244 763 2306 simili
789 2245 955 2327 plectetur.

338 2351 415 2410 ltem
440 2369 567 2412 causam
600 2350 791 2432 suspicionis
819 2351 908 2412 Jurse
940 2349 1095 2411 institoris
1127 2349 1185 2411 viri
1211 2350 1336 2432 providi
1363 2351 1496 2412 domine

232 2458 314 2517 Nese
340 2470 370 2518 et
394 2457 475 2518 inter
499 2456 701 2518 Anthonium
727 2457 915 2518 Barbetium
948 2456 989 2519 de
1014 2455 1229 2538 Stenyclrnalr,
1254 2457 1383 2519 racione
1407 2456 1496 2518 vide·

232 2564 306 2624 licet
330 2560 405 2624 furti
437 2577 595 2625 certarum
629 2563 867 2646 peccuniarum,
901 2564 967 2645 ipse
1000 2562 1184 2623 Anthonius
1206 2564 1310 2643 jurare
1335 2564 1495 2625 tenebitur

231 2684 261 2731 et
286 2689 318 2730 se
344 2689 518 2751 expurgare
543 2670 727 2731 terciusmet
760 2688 832 2731 cum
858 2669 1002 2751 personis
1030 2669 1090 2730 sibi
1115 2669 1274 2730 similibus
1299 2667 1375 2731 feria
1400 2669 1497 2730 tercia

233 2776 379 2856 proxima
403 2791 474 2857 post
499 2774 612 2837 festum
632 2775 862 2836 Conversionis
879 2775 961 2835 beati
983 2775 1071 2835 Pauli
1096 2775 1245 2857 apostoli,
1263 2776 1294 2836 in
1312 2796 1364 2837 ara
1388 2790 1495 2837 sancte

232 2882 346 2942 Crucis
371 2883 402 2941 in
428 2882 561 2943 ecclesia
594 2895 699 2943 nostra
731 2881 905 2962 parochiali
939 2881 1037 2941 sancti
1069 2881 1186 2957 Marci;
1218 2896 1248 2942 et
1274 2882 1351 2942 dum
1384 2901 1497 2964 expur-

231 2988 320 3067 gabit
345 3007 389 3065 se,
414 3001 528 3049 extunc
553 2988 633 3048 liber
657 2988 716 3049 erit
740 2987 778 3047 de
803 2987 986 3068 suspicione
1012 2986 1111 3068 ipsius
1128 2983 1200 3048 furti
1219 2987 1358 3069 ipsarum
1384 3006 1497 3069 peccu-

233 3094 358 3155 niarum
384 3108 414 3154 et
439 3095 478 3155 ab
504 3093 711 3175 impeticione
744 3092 842 3174 ipsius
866 3093 966 3153 Jurse.
1000 3091 1077 3153 ltem
1110 3091 1326 3173 juramentum
1358 3093 1417 3155 sibi
1443 3091 1497 3152 ad·

232 3199 408 3278 judicatum
434 3199 518 3261 idem
544 3199 726 3260 Anthonius
751 3198 899 3280 deposuit
923 3212 958 3259 ut
982 3196 1104 3260 debuit.

341 3306 416 3367 ltem
435 3326 563 3367 causam
582 3307 663 3366 inter
680 3305 848 3366 mulierem
869 3304 1036 3365 Laurentii
1054 3304 1191 3365 barberii
1214 3317 1244 3363 et
1262 3303 1343 3365 inter
1360 3304 1496 3365 Paulum

233 3413 407 3493 agricolam
433 3413 562 3473 racione
587 3413 767 3489 verberum,
793 3410 881 3492 quod
906 3411 973 3492 ipsa
999 3430 1054 3492 per
1075 3411 1180 3492 ipsum
1205 3410 1341 3471 Paulum
1367 3410 1426 3471 sibi
1453 3408 1498 3471 le·

231 3519 309 3580 cisse
334 3519 535 3600 proponebat
552 3532 582 3578 et
606 3518 786 3578 cicatricem
804 3516 1006 3594 ostendebat,
1024 3517 1091 3597 ipsa
1112 3536 1191 3577 uxor
1211 3516 1310 3597 ipsius
1328 3515 1496 3577 Laurentii

231 3626 297 3706 ipsa
323 3624 503 3705 supradicta
529 3621 604 3685 feria
630 3623 727 3684 tercia
747 3622 954 3683 secundamet
972 3622 1074 3701 jurare
1100 3623 1278 3699 tenebitur3
1304 3637 1334 3683 et
1351 3621 1428 3682 dum
1447 3621 1494 3700 ju-

230 3731 322 3808 rabit,
347 3744 421 3791 tunc
440 3731 507 3812 ipse
527 3730 643 3791 Paulus
660 3743 770 3791 contra
789 3729 927 3790 eandem
946 3729 1112 3790 convictus
1136 3729 1194 3790 crit
1211 3730 1242 3790 in
1261 3729 1371 3790 decem
1389 3729 1496 3810 pensis

231 3851 261 3898 et
285 3837 383 3917 judici
409 3857 483 3899 cum
507 3837 617 3918 juratis
644 3837 676 3898 in
702 3851 831 3897 centum
857 3834 1008 3896 denariis.

339 3944 417 4005 ltem
443 3964 569 4005 causam
597 3944 678 4005 inter
702 3942 864 4003 Andream
883 3955 1036 4020 sutorem,
1062 3943 1192 4025 Endrey
1210 3943 1343 4019 dictum,
1368 3956 1398 4003 et
1417 3943 1497 4004 inter

235 4051 353 4110 lucam
380 4066 533 4127 sutorem,
558 4049 701 4110 seniores
734 4048 865 4129 juratos,
899 4047 1027 4110 racione
1053 4049 1152 4110 debiti
1186 4069 1238 4109 sex
1264 4048 1331 4111 flor.
1357 4064 1387 4110 et
1418 4050 1496 4111 lucri

234 4156 323 4235 quod
349 4157 380 4216 in
407 4157 598 4217 vendicione
623 4169 784 4216 certorum
809 4155 929 4216 bovum
947 4155 1006 4215 sibi
1033 4155 1138 4215 eidem
1165 4156 1293 4238 Endrey
1317 4155 1496 4217 debitorem

231 4264 405 4342 allegabat,
430 4264 514 4324 idem
536 4264 636 4324 Lucas
661 4282 718 4345 pro
736 4262 847 4323 debito
869 4261 1011 4342 ipsorum
1036 4281 1089 4322 sex
1108 4261 1176 4324 flor.
1202 4263 1269 4322 auri
1289 4262 1402 4323 eadem
1420 4259 1496 4324 feria

229 4371 325 4431 tercia
358 4369 512 4431 solusmet
543 4369 648 4448 jurare
680 4367 857 4444 tenebitur,
889 4366 977 4447 quod
1010 4367 1076 4448 ipse
1108 4367 1194 4427 idem
1227 4366 1357 4449 Endrey
1394 4367 1493 4429 sutori

233 4477 337 4558 ipsum
363 4491 466 4537 totum
492 4476 649 4552 debitum,
667 4494 732 4555 quo
750 4473 836 4556 ipsos
853 4475 952 4534 boves
972 4473 1144 4534 abeodem
1163 4474 1302 4553 emisset,
1326 4473 1497 4551 satisfecit;

231 4595 264 4643 et
288 4581 376 4643 aliud
401 4581 616 4661 juramentum
634 4579 782 4642 similiter
798 4593 938 4660 prestare
955 4579 1117 4641 tenebitur
1134 4580 1301 4660 solusmet,
1325 4579 1413 4662 quod
1430 4579 1497 4662 ipse

236 4688 338 4748 Lucas
362 4706 469 4747 veram
495 4700 617 4770 partem
643 4686 722 4747 lucri
747 4685 838 4746 dedit
861 4698 892 4747 et
916 4684 1099 4767 assignavit.

760 4857 971 4877 -υο-ο-σιο-
