<?xml version="1.0" encoding="UTF-8"?>
<!DOCTYPE html PUBLIC "-//W3C//DTD XHTML 1.0 Transitional//EN"
    "http://www.w3.org/TR/xhtml1/DTD/xhtml1-transitional.dtd">
<html xmlns="http://www.w3.org/1999/xhtml" xml:lang="en" lang="en">
 <head>
  <title>
</title>
<meta http-equiv="Content-Type" content="text/html;charset=utf-8" />
  <meta name='ocr-system' content='tesseract 3.04.00' />
  <meta name='ocr-capabilities' content='ocr_page ocr_carea ocr_par ocr_line ocrx_word'/>
</head>
<body>
  <div class='ocr_page' id='page_1' title='image "./monumentahistor07laszgoog_0069.png"; bbox 0 0 3488 5272; ppageno 0'>
   <div class='ocr_carea' id='block_1_1' title="bbox 240 338 1509 2545">
    <p class='ocr_par' dir='ltr' id='par_1_1' title="bbox 240 338 1509 2545">
     <span class='ocr_line' id='line_1_1' title="bbox 607 338 1146 415; baseline 0.004 -19"><span class='ocrx_word' id='word_1_1' title='bbox 607 339 807 415; x_wconf 80' lang='lat' dir='ltr'>Anr01450.</span> <span class='ocrx_word' id='word_1_2' title='bbox 833 372 874 380; x_wconf 89' lang='lat'><em>—</em></span> <span class='ocrx_word' id='word_1_3' title='bbox 897 350 947 415; x_wconf 83' lang='lat'>27.</span> <span class='ocrx_word' id='word_1_4' title='bbox 976 338 1146 399; x_wconf 80' lang='lat' dir='ltr'><em>novembris.</em></span> 
     </span>
     <span class='ocr_line' id='line_1_2' title="bbox 245 548 1508 631; baseline 0.001 -21"><span class='ocrx_word' id='word_1_5' title='bbox 245 548 331 610; x_wconf 92' lang='lat' dir='ltr'>dicto</span> <span class='ocrx_word' id='word_1_6' title='bbox 355 548 484 611; x_wconf 88' lang='lat' dir='ltr'>Andrea</span> <span class='ocrx_word' id='word_1_7' title='bbox 510 548 577 611; x_wconf 91' lang='lat' dir='ltr'>Lah</span> <span class='ocrx_word' id='word_1_8' title='bbox 602 568 707 631; x_wconf 92' lang='lat' dir='ltr'>neque</span> <span class='ocrx_word' id='word_1_9' title='bbox 740 572 757 611; x_wconf 85' lang='lat' dir='ltr'>a</span> <span class='ocrx_word' id='word_1_10' title='bbox 783 549 914 612; x_wconf 92' lang='lat' dir='ltr'>domina</span> <span class='ocrx_word' id='word_1_11' title='bbox 948 550 1122 612; x_wconf 90' lang='lat' dir='ltr'>Scolastica</span> <span class='ocrx_word' id='word_1_12' title='bbox 1154 549 1246 612; x_wconf 90' lang='lat' dir='ltr'>aliter</span> <span class='ocrx_word' id='word_1_13' title='bbox 1269 550 1369 613; x_wconf 91' lang='lat' dir='ltr'>Ztana</span> <span class='ocrx_word' id='word_1_14' title='bbox 1395 563 1508 612; x_wconf 84' lang='lat' dir='ltr'>vocata</span> 
     </span>
     <span class='ocr_line' id='line_1_3' title="bbox 246 654 1509 738; baseline 0.002 -22"><span class='ocrx_word' id='word_1_15' title='bbox 246 655 356 718; x_wconf 90' lang='lat' dir='ltr'>relicta</span> <span class='ocrx_word' id='word_1_16' title='bbox 382 655 481 738; x_wconf 91' lang='lat' dir='ltr'>ipsius</span> <span class='ocrx_word' id='word_1_17' title='bbox 506 656 633 717; x_wconf 89' lang='lat' dir='ltr'>Andree</span> <span class='ocrx_word' id='word_1_18' title='bbox 660 655 728 718; x_wconf 91' lang='lat' dir='ltr'>Lah</span> <span class='ocrx_word' id='word_1_19' title='bbox 763 676 869 738; x_wconf 90' lang='lat' dir='ltr'>neque</span> <span class='ocrx_word' id='word_1_20' title='bbox 893 658 933 718; x_wconf 87' lang='lat' dir='ltr'>ab</span> <span class='ocrx_word' id='word_1_21' title='bbox 966 657 1138 719; x_wconf 86' lang='lat' dir='ltr'>heredibus</span> <span class='ocrx_word' id='word_1_22' title='bbox 1161 657 1226 720; x_wconf 83' lang='lat' dir='ltr'>suis</span> <span class='ocrx_word' id='word_1_23' title='bbox 1250 656 1290 719; x_wconf 94' lang='lat' dir='ltr'>ad</span> <span class='ocrx_word' id='word_1_24' title='bbox 1321 657 1437 719; x_wconf 86' lang='lat' dir='ltr'>trinam</span> <span class='ocrx_word' id='word_1_25' title='bbox 1461 654 1509 719; x_wconf 85' lang='lat' dir='ltr'>fo·</span> 
     </span>
     <span class='ocr_line' id='line_1_4' title="bbox 245 761 1508 845; baseline 0.001 -22"><span class='ocrx_word' id='word_1_26' title='bbox 245 782 371 824; x_wconf 92' lang='lat' dir='ltr'>rensem</span> <span class='ocrx_word' id='word_1_27' title='bbox 396 777 427 824; x_wconf 88' lang='lat' dir='ltr'>et</span> <span class='ocrx_word' id='word_1_28' title='bbox 450 762 613 844; x_wconf 83' lang='lat' dir='ltr'>publicam</span> <span class='ocrx_word' id='word_1_29' title='bbox 643 763 937 845; x_wconf 78' lang='lat' dir='ltr'>proclamacionem</span> <span class='ocrx_word' id='word_1_30' title='bbox 962 782 1019 845; x_wconf 90' lang='lat' dir='ltr'>per</span> <span class='ocrx_word' id='word_1_31' title='bbox 1043 783 1101 824; x_wconf 94' lang='lat' dir='ltr'>nos</span> <span class='ocrx_word' id='word_1_32' title='bbox 1131 763 1304 845; x_wconf 83' lang='lat' dir='ltr'>superinde</span> <span class='ocrx_word' id='word_1_33' title='bbox 1327 761 1395 825; x_wconf 82' lang='lat' dir='ltr'>fieri</span> <span class='ocrx_word' id='word_1_34' title='bbox 1420 782 1508 826; x_wconf 90' lang='lat' dir='ltr'>com·</span> 
     </span>
     <span class='ocr_line' id='line_1_5' title="bbox 243 868 1508 952; baseline 0.002 -23"><span class='ocrx_word' id='word_1_35' title='bbox 243 869 372 930; x_wconf 91' lang='lat' dir='ltr'>missam</span> <span class='ocrx_word' id='word_1_36' title='bbox 397 883 429 930; x_wconf 91' lang='lat' dir='ltr'>et</span> <span class='ocrx_word' id='word_1_37' title='bbox 452 889 509 952; x_wconf 90' lang='lat' dir='ltr'>per</span> <span class='ocrx_word' id='word_1_38' title='bbox 532 889 687 952; x_wconf 80' lang='lat' dir='ltr'>precones</span> <span class='ocrx_word' id='word_1_39' title='bbox 704 884 830 933; x_wconf 89' lang='lat' dir='ltr'>nostros</span> <span class='ocrx_word' id='word_1_40' title='bbox 847 888 1036 931; x_wconf 90' lang='lat' dir='ltr'>communes</span> <span class='ocrx_word' id='word_1_41' title='bbox 1057 868 1172 931; x_wconf 83' lang='lat' dir='ltr'>iactam</span> <span class='ocrx_word' id='word_1_42' title='bbox 1192 869 1325 932; x_wconf 90' lang='lat' dir='ltr'>minime</span> <span class='ocrx_word' id='word_1_43' title='bbox 1349 869 1508 932; x_wconf 86' lang='lat' dir='ltr'>redimere</span> 
     </span>
     <span class='ocr_line' id='line_1_6' title="bbox 244 974 1507 1060; baseline 0 -24"><span class='ocrx_word' id='word_1_44' title='bbox 244 976 428 1056; x_wconf 84' lang='lat' dir='ltr'>voluerunt,</span> <span class='ocrx_word' id='word_1_45' title='bbox 453 996 564 1060; x_wconf 83' lang='lat' dir='ltr'>ymmo</span> <span class='ocrx_word' id='word_1_46' title='bbox 589 977 629 1038; x_wconf 92' lang='lat' dir='ltr'>ad</span> <span class='ocrx_word' id='word_1_47' title='bbox 654 977 875 1038; x_wconf 88' lang='lat' dir='ltr'>redimendam</span> <span class='ocrx_word' id='word_1_48' title='bbox 901 977 1002 1059; x_wconf 87' lang='lat' dir='ltr'>ipsam</span> <span class='ocrx_word' id='word_1_49' title='bbox 1028 977 1161 1038; x_wconf 96' lang='lat' dir='ltr'>domum</span> <span class='ocrx_word' id='word_1_50' title='bbox 1193 974 1299 1038; x_wconf 90' lang='lat' dir='ltr'>medie</span> <span class='ocrx_word' id='word_1_51' title='bbox 1324 974 1411 1038; x_wconf 87' lang='lat' dir='ltr'>curie</span> <span class='ocrx_word' id='word_1_52' title='bbox 1434 994 1507 1037; x_wconf 89' lang='lat' dir='ltr'>curn</span> 
     </span>
     <span class='ocr_line' id='line_1_7' title="bbox 243 1080 1508 1165; baseline 0.001 -23"><span class='ocrx_word' id='word_1_53' title='bbox 243 1081 345 1144; x_wconf 86' lang='lat' dir='ltr'>fundo</span> <span class='ocrx_word' id='word_1_54' title='bbox 369 1096 428 1144; x_wconf 90' lang='lat' dir='ltr'>etc.</span> <span class='ocrx_word' id='word_1_55' title='bbox 454 1083 552 1144; x_wconf 84' lang='lat' dir='ltr'>nostri</span> <span class='ocrx_word' id='word_1_56' title='bbox 579 1084 610 1144; x_wconf 93' lang='lat' dir='ltr'>in</span> <span class='ocrx_word' id='word_1_57' title='bbox 637 1083 834 1165; x_wconf 90' lang='lat' dir='ltr'>presenciam</span> <span class='ocrx_word' id='word_1_58' title='bbox 853 1102 910 1143; x_wconf 88' lang='lat' dir='ltr'>nec</span> <span class='ocrx_word' id='word_1_59' title='bbox 935 1083 1042 1143; x_wconf 90' lang='lat' dir='ltr'>venire</span> <span class='ocrx_word' id='word_1_60' title='bbox 1061 1101 1119 1143; x_wconf 89' lang='lat' dir='ltr'>nec</span> <span class='ocrx_word' id='word_1_61' title='bbox 1136 1082 1279 1164; x_wconf 85' lang='lat' dir='ltr'>aliquem</span> <span class='ocrx_word' id='word_1_62' title='bbox 1302 1101 1362 1165; x_wconf 90' lang='lat' dir='ltr'>pro</span> <span class='ocrx_word' id='word_1_63' title='bbox 1385 1100 1419 1143; x_wconf 87' lang='lat' dir='ltr'>se</span> <span class='ocrx_word' id='word_1_64' title='bbox 1435 1080 1508 1143; x_wconf 89' lang='lat' dir='ltr'>mit·</span> 
     </span>
     <span class='ocr_line' id='line_1_8' title="bbox 241 1187 1509 1271; baseline 0 -21"><span class='ocrx_word' id='word_1_65' title='bbox 241 1201 307 1250; x_wconf 89' lang='lat' dir='ltr'>tere</span> <span class='ocrx_word' id='word_1_66' title='bbox 332 1203 494 1267; x_wconf 88' lang='lat' dir='ltr'>curarunt,</span> <span class='ocrx_word' id='word_1_67' title='bbox 518 1203 547 1251; x_wconf 95' lang='lat' dir='ltr'>et</span> <span class='ocrx_word' id='word_1_68' title='bbox 573 1190 649 1271; x_wconf 91' lang='lat' dir='ltr'>quia</span> <span class='ocrx_word' id='word_1_69' title='bbox 672 1189 773 1250; x_wconf 90' lang='lat' dir='ltr'>eciam</span> <span class='ocrx_word' id='word_1_70' title='bbox 791 1187 914 1271; x_wconf 86' lang='lat' dir='ltr'>prelata</span> <span class='ocrx_word' id='word_1_71' title='bbox 933 1188 1064 1250; x_wconf 90' lang='lat' dir='ltr'>domina</span> <span class='ocrx_word' id='word_1_72' title='bbox 1091 1188 1262 1250; x_wconf 86' lang='lat' dir='ltr'>Scolastica</span> <span class='ocrx_word' id='word_1_73' title='bbox 1282 1188 1392 1251; x_wconf 88' lang='lat' dir='ltr'>relicta</span> <span class='ocrx_word' id='word_1_74' title='bbox 1409 1188 1509 1271; x_wconf 83' lang='lat' dir='ltr'>ipsius</span> 
     </span>
     <span class='ocr_line' id='line_1_9' title="bbox 242 1294 1508 1377; baseline -0.001 -22"><span class='ocrx_word' id='word_1_75' title='bbox 242 1295 370 1356; x_wconf 77' lang='lat' dir='ltr'>Andree</span> <span class='ocrx_word' id='word_1_76' title='bbox 397 1294 464 1357; x_wconf 89' lang='lat' dir='ltr'>Lah</span> <span class='ocrx_word' id='word_1_77' title='bbox 490 1295 580 1357; x_wconf 91' lang='lat' dir='ltr'>dacia</span> <span class='ocrx_word' id='word_1_78' title='bbox 605 1310 671 1357; x_wconf 91' lang='lat' dir='ltr'>tam</span> <span class='ocrx_word' id='word_1_79' title='bbox 696 1294 904 1357; x_wconf 90' lang='lat' dir='ltr'>dominorum</span> <span class='ocrx_word' id='word_1_80' title='bbox 939 1309 1122 1356; x_wconf 89' lang='lat' dir='ltr'>nostrorum</span> <span class='ocrx_word' id='word_1_81' title='bbox 1146 1313 1242 1377; x_wconf 91' lang='lat' dir='ltr'>super</span> <span class='ocrx_word' id='word_1_82' title='bbox 1266 1313 1325 1355; x_wconf 90' lang='lat' dir='ltr'>nos</span> <span class='ocrx_word' id='word_1_83' title='bbox 1346 1314 1405 1376; x_wconf 93' lang='lat' dir='ltr'>pro</span> <span class='ocrx_word' id='word_1_84' title='bbox 1428 1308 1508 1357; x_wconf 88' lang='lat' dir='ltr'>tem·</span> 
     </span>
     <span class='ocr_line' id='line_1_10' title="bbox 242 1398 1509 1484; baseline 0.001 -22"><span class='ocrx_word' id='word_1_85' title='bbox 242 1421 319 1484; x_wconf 90' lang='lat' dir='ltr'>pore</span> <span class='ocrx_word' id='word_1_86' title='bbox 345 1402 603 1481; x_wconf 87' lang='lat' dir='ltr'>constitutorum,</span> <span class='ocrx_word' id='word_1_87' title='bbox 637 1421 734 1483; x_wconf 93' lang='lat' dir='ltr'>quam</span> <span class='ocrx_word' id='word_1_88' title='bbox 765 1402 867 1463; x_wconf 88' lang='lat' dir='ltr'>eciam</span> <span class='ocrx_word' id='word_1_89' title='bbox 900 1414 1023 1463; x_wconf 89' lang='lat' dir='ltr'>nostras</span> <span class='ocrx_word' id='word_1_90' title='bbox 1055 1420 1244 1463; x_wconf 90' lang='lat' dir='ltr'>communes</span> <span class='ocrx_word' id='word_1_91' title='bbox 1273 1415 1372 1481; x_wconf 83' lang='lat' dir='ltr'>taxas,</span> <span class='ocrx_word' id='word_1_92' title='bbox 1395 1398 1509 1483; x_wconf 79' lang='lat' dir='ltr'>vigila·</span> 
     </span>
     <span class='ocr_line' id='line_1_11' title="bbox 243 1504 1508 1591; baseline 0 -23"><span class='ocrx_word' id='word_1_93' title='bbox 243 1522 393 1591; x_wconf 90' lang='lat' dir='ltr'>turasque</span> <span class='ocrx_word' id='word_1_94' title='bbox 418 1523 449 1570; x_wconf 90' lang='lat' dir='ltr'>et</span> <span class='ocrx_word' id='word_1_95' title='bbox 474 1508 535 1569; x_wconf 92' lang='lat' dir='ltr'>alia</span> <span class='ocrx_word' id='word_1_96' title='bbox 559 1509 665 1570; x_wconf 90' lang='lat' dir='ltr'>debita</span> <span class='ocrx_word' id='word_1_97' title='bbox 692 1521 722 1569; x_wconf 92' lang='lat' dir='ltr'>et</span> <span class='ocrx_word' id='word_1_98' title='bbox 754 1521 936 1589; x_wconf 89' lang='lat' dir='ltr'>opportuna</span> <span class='ocrx_word' id='word_1_99' title='bbox 961 1508 1093 1570; x_wconf 89' lang='lat' dir='ltr'>servicia</span> <span class='ocrx_word' id='word_1_100' title='bbox 1127 1519 1233 1568; x_wconf 91' lang='lat' dir='ltr'>nostra</span> <span class='ocrx_word' id='word_1_101' title='bbox 1257 1506 1443 1569; x_wconf 88' lang='lat' dir='ltr'>communia</span> <span class='ocrx_word' id='word_1_102' title='bbox 1467 1504 1508 1568; x_wconf 89' lang='lat' dir='ltr'>de</span> 
     </span>
     <span class='ocr_line' id='line_1_12' title="bbox 241 1611 1506 1696; baseline 0 -20"><span class='ocrx_word' id='word_1_103' title='bbox 241 1613 353 1677; x_wconf 89' lang='lat' dir='ltr'>eadem</span> <span class='ocrx_word' id='word_1_104' title='bbox 382 1614 481 1676; x_wconf 93' lang='lat' dir='ltr'>domo</span> <span class='ocrx_word' id='word_1_105' title='bbox 514 1614 620 1676; x_wconf 90' lang='lat' dir='ltr'>medie</span> <span class='ocrx_word' id='word_1_106' title='bbox 648 1614 735 1675; x_wconf 90' lang='lat' dir='ltr'>curie</span> <span class='ocrx_word' id='word_1_107' title='bbox 760 1628 789 1675; x_wconf 92' lang='lat' dir='ltr'>et</span> <span class='ocrx_word' id='word_1_108' title='bbox 816 1612 918 1674; x_wconf 89' lang='lat' dir='ltr'>lundo</span> <span class='ocrx_word' id='word_1_109' title='bbox 950 1633 986 1674; x_wconf 94' lang='lat' dir='ltr'>ac</span> <span class='ocrx_word' id='word_1_110' title='bbox 1020 1611 1177 1675; x_wconf 88' lang='lat' dir='ltr'>hedificiis</span> <span class='ocrx_word' id='word_1_111' title='bbox 1207 1633 1224 1674; x_wconf 89' lang='lat' dir='ltr'>a</span> <span class='ocrx_word' id='word_1_112' title='bbox 1249 1612 1335 1675; x_wconf 91' lang='lat' dir='ltr'>dicto</span> <span class='ocrx_word' id='word_1_113' title='bbox 1359 1627 1506 1696; x_wconf 86' lang='lat' dir='ltr'>tempore</span> 
     </span>
     <span class='ocr_line' id='line_1_13' title="bbox 241 1718 1505 1803; baseline -0.001 -21"><span class='ocrx_word' id='word_1_114' title='bbox 241 1721 515 1803; x_wconf 85' lang='lat' dir='ltr'>inpignoracionis</span> <span class='ocrx_word' id='word_1_115' title='bbox 539 1734 570 1781; x_wconf 89' lang='lat' dir='ltr'>et</span> <span class='ocrx_word' id='word_1_116' title='bbox 604 1740 705 1801; x_wconf 87' lang='lat' dir='ltr'>usque</span> <span class='ocrx_word' id='word_1_117' title='bbox 736 1738 821 1781; x_wconf 90' lang='lat' dir='ltr'>nunc</span> <span class='ocrx_word' id='word_1_118' title='bbox 841 1738 967 1801; x_wconf 89' lang='lat' dir='ltr'>semper</span> <span class='ocrx_word' id='word_1_119' title='bbox 998 1733 1145 1801; x_wconf 87' lang='lat' dir='ltr'>prompte</span> <span class='ocrx_word' id='word_1_120' title='bbox 1169 1718 1258 1781; x_wconf 85' lang='lat' dir='ltr'>dedit</span> <span class='ocrx_word' id='word_1_121' title='bbox 1282 1733 1313 1780; x_wconf 91' lang='lat' dir='ltr'>et</span> <span class='ocrx_word' id='word_1_122' title='bbox 1344 1718 1505 1801; x_wconf 84' lang='lat' dir='ltr'>inpendit,</span> 
     </span>
     <span class='ocr_line' id='line_1_14' title="bbox 241 1823 1503 1910; baseline -0.001 -22"><span class='ocrx_word' id='word_1_123' title='bbox 241 1842 336 1910; x_wconf 91' lang='lat' dir='ltr'>prout</span> <span class='ocrx_word' id='word_1_124' title='bbox 372 1825 544 1909; x_wconf 85' lang='lat' dir='ltr'>superinde</span> <span class='ocrx_word' id='word_1_125' title='bbox 582 1826 723 1908; x_wconf 88' lang='lat' dir='ltr'>plenarie</span> <span class='ocrx_word' id='word_1_126' title='bbox 759 1844 869 1886; x_wconf 90' lang='lat' dir='ltr'>sumus</span> <span class='ocrx_word' id='word_1_127' title='bbox 901 1824 1074 1903; x_wconf 81' lang='lat' dir='ltr'>informati,</span> <span class='ocrx_word' id='word_1_128' title='bbox 1106 1839 1137 1886; x_wconf 91' lang='lat' dir='ltr'>et</span> <span class='ocrx_word' id='word_1_129' title='bbox 1169 1823 1244 1886; x_wconf 91' lang='lat' dir='ltr'>ideo</span> <span class='ocrx_word' id='word_1_130' title='bbox 1276 1843 1335 1886; x_wconf 89' lang='lat' dir='ltr'>nos</span> <span class='ocrx_word' id='word_1_131' title='bbox 1366 1825 1503 1887; x_wconf 89' lang='lat' dir='ltr'>eandem</span> 
     </span>
     <span class='ocr_line' id='line_1_15' title="bbox 241 1930 1503 1995; baseline -0.001 -1"><span class='ocrx_word' id='word_1_132' title='bbox 241 1933 376 1994; x_wconf 89' lang='lat' dir='ltr'>domum</span> <span class='ocrx_word' id='word_1_133' title='bbox 401 1932 507 1994; x_wconf 89' lang='lat' dir='ltr'>medie</span> <span class='ocrx_word' id='word_1_134' title='bbox 532 1932 618 1993; x_wconf 89' lang='lat' dir='ltr'>curie</span> <span class='ocrx_word' id='word_1_135' title='bbox 643 1952 717 1993; x_wconf 88' lang='lat' dir='ltr'>cum</span> <span class='ocrx_word' id='word_1_136' title='bbox 741 1930 843 1992; x_wconf 89' lang='lat' dir='ltr'>lundo</span> <span class='ocrx_word' id='word_1_137' title='bbox 867 1945 897 1992; x_wconf 87' lang='lat' dir='ltr'>et</span> <span class='ocrx_word' id='word_1_138' title='bbox 930 1930 1048 1992; x_wconf 88' lang='lat' dir='ltr'>celario</span> <span class='ocrx_word' id='word_1_139' title='bbox 1074 1933 1282 1993; x_wconf 89' lang='lat' dir='ltr'>subterraneo</span> <span class='ocrx_word' id='word_1_140' title='bbox 1306 1951 1342 1993; x_wconf 89' lang='lat' dir='ltr'>ac</span> <span class='ocrx_word' id='word_1_141' title='bbox 1367 1932 1503 1995; x_wconf 86' lang='lat' dir='ltr'>cisterna</span> 
     </span>
     <span class='ocr_line' id='line_1_16' title="bbox 240 2038 1505 2121; baseline 0 -20"><span class='ocrx_word' id='word_1_142' title='bbox 240 2054 271 2101; x_wconf 87' lang='lat' dir='ltr'>et</span> <span class='ocrx_word' id='word_1_143' title='bbox 296 2038 463 2116; x_wconf 88' lang='lat' dir='ltr'>hedificiis,</span> <span class='ocrx_word' id='word_1_144' title='bbox 498 2039 634 2120; x_wconf 90' lang='lat' dir='ltr'>aliisque</span> <span class='ocrx_word' id='word_1_145' title='bbox 667 2039 790 2100; x_wconf 89' lang='lat' dir='ltr'>cunctis</span> <span class='ocrx_word' id='word_1_146' title='bbox 822 2038 887 2098; x_wconf 89' lang='lat' dir='ltr'>suis</span> <span class='ocrx_word' id='word_1_147' title='bbox 919 2038 1109 2099; x_wconf 86' lang='lat' dir='ltr'>utilitatibus</span> <span class='ocrx_word' id='word_1_148' title='bbox 1134 2053 1164 2099; x_wconf 88' lang='lat' dir='ltr'>et</span> <span class='ocrx_word' id='word_1_149' title='bbox 1196 2039 1402 2121; x_wconf 85' lang='lat' dir='ltr'>pertinenciis</span> <span class='ocrx_word' id='word_1_150' title='bbox 1434 2039 1505 2101; x_wconf 92' lang='lat' dir='ltr'>uni·</span> 
     </span>
     <span class='ocr_line' id='line_1_17' title="bbox 241 2143 1506 2227; baseline 0.002 -23"><span class='ocrx_word' id='word_1_151' title='bbox 241 2146 339 2206; x_wconf 85' lang='lat' dir='ltr'>versis</span> <span class='ocrx_word' id='word_1_152' title='bbox 364 2146 504 2227; x_wconf 83' lang='lat' dir='ltr'>predicte</span> <span class='ocrx_word' id='word_1_153' title='bbox 529 2144 661 2206; x_wconf 90' lang='lat' dir='ltr'>domine</span> <span class='ocrx_word' id='word_1_154' title='bbox 687 2144 860 2205; x_wconf 86' lang='lat' dir='ltr'>Scolastice</span> <span class='ocrx_word' id='word_1_155' title='bbox 885 2163 920 2204; x_wconf 94' lang='lat' dir='ltr'>ac</span> <span class='ocrx_word' id='word_1_156' title='bbox 945 2163 1001 2225; x_wconf 89' lang='lat' dir='ltr'>per</span> <span class='ocrx_word' id='word_1_157' title='bbox 1025 2163 1096 2204; x_wconf 94' lang='lat' dir='ltr'>eam</span> <span class='ocrx_word' id='word_1_158' title='bbox 1120 2144 1185 2205; x_wconf 91' lang='lat' dir='ltr'>suis</span> <span class='ocrx_word' id='word_1_159' title='bbox 1210 2143 1381 2206; x_wconf 85' lang='lat' dir='ltr'>heredibus</span> <span class='ocrx_word' id='word_1_160' title='bbox 1404 2144 1506 2207; x_wconf 89' lang='lat' dir='ltr'>literis</span> 
     </span>
     <span class='ocr_line' id='line_1_18' title="bbox 241 2248 1506 2333; baseline 0.002 -22"><span class='ocrx_word' id='word_1_161' title='bbox 241 2252 357 2313; x_wconf 90' lang='lat' dir='ltr'>nostris</span> <span class='ocrx_word' id='word_1_162' title='bbox 381 2251 635 2333; x_wconf 77' lang='lat' dir='ltr'>prit&#39;ilegialibus</span> <span class='ocrx_word' id='word_1_163' title='bbox 658 2251 828 2311; x_wconf 85' lang='lat' dir='ltr'>statuimus</span> <span class='ocrx_word' id='word_1_164' title='bbox 852 2264 883 2311; x_wconf 89' lang='lat' dir='ltr'>et</span> <span class='ocrx_word' id='word_1_165' title='bbox 907 2248 1168 2311; x_wconf 89' lang='lat' dir='ltr'>confirmavimus</span> <span class='ocrx_word' id='word_1_166' title='bbox 1199 2249 1268 2329; x_wconf 87' lang='lat' dir='ltr'>jure</span> <span class='ocrx_word' id='word_1_167' title='bbox 1291 2264 1449 2333; x_wconf 87' lang='lat' dir='ltr'>perpetuo</span> <span class='ocrx_word' id='word_1_168' title='bbox 1473 2265 1506 2314; x_wconf 85' lang='lat' dir='ltr'>et</span> 
     </span>
     <span class='ocr_line' id='line_1_19' title="bbox 240 2355 1501 2439; baseline 0 -21"><span class='ocrx_word' id='word_1_169' title='bbox 240 2359 492 2419; x_wconf 73' lang='lat' dir='ltr'>irrevocabiliter</span> <span class='ocrx_word' id='word_1_170' title='bbox 515 2356 743 2439; x_wconf 89' lang='lat' dir='ltr'>possidendam</span> <span class='ocrx_word' id='word_1_171' title='bbox 768 2370 798 2417; x_wconf 90' lang='lat' dir='ltr'>et</span> <span class='ocrx_word' id='word_1_172' title='bbox 828 2355 1138 2437; x_wconf 87' lang='lat' dir='ltr'>quomodocumque</span> <span class='ocrx_word' id='word_1_173' title='bbox 1162 2356 1302 2418; x_wconf 76' lang='lat' dir='ltr'>voluerit</span> <span class='ocrx_word' id='word_1_174' title='bbox 1326 2356 1501 2439; x_wconf 89' lang='lat' dir='ltr'>disponen-</span> 
     </span>
     <span class='ocr_line' id='line_1_20' title="bbox 241 2462 1502 2545; baseline 0 -19"><span class='ocrx_word' id='word_1_175' title='bbox 241 2468 315 2527; x_wconf 90' lang='lat' dir='ltr'>dam</span> <span class='ocrx_word' id='word_1_176' title='bbox 340 2467 425 2545; x_wconf 78' lang='lat' dir='ltr'>juxta</span> <span class='ocrx_word' id='word_1_177' title='bbox 451 2464 678 2525; x_wconf 91' lang='lat' dir='ltr'>condicionem</span> <span class='ocrx_word' id='word_1_178' title='bbox 703 2462 839 2524; x_wconf 89' lang='lat' dir='ltr'>civitatis</span> <span class='ocrx_word' id='word_1_179' title='bbox 864 2476 1029 2543; x_wconf 88' lang='lat' dir='ltr'>prenotate</span> <span class='ocrx_word' id='word_1_180' title='bbox 1054 2464 1093 2523; x_wconf 93' lang='lat' dir='ltr'>ab</span> <span class='ocrx_word' id='word_1_181' title='bbox 1122 2462 1256 2543; x_wconf 91' lang='lat' dir='ltr'>antiquo</span> <span class='ocrx_word' id='word_1_182' title='bbox 1280 2463 1502 2545; x_wconf 86' lang='lat' dir='ltr'>approbatam.</span> 
     </span>
    </p>
   </div>
   <div class='ocr_carea' id='block_1_2' title="bbox 240 2699 1504 2893">
    <p class='ocr_par' dir='ltr' id='par_1_2' title="bbox 240 2699 1504 2893">
     <span class='ocr_line' id='line_1_21' title="bbox 240 2699 1504 2791; baseline 0.002 -20"><span class='ocrx_word' id='word_1_183' title='bbox 240 2700 335 2774; x_wconf 83' lang='lat' dir='ltr'>Feria</span> <span class='ocrx_word' id='word_1_184' title='bbox 364 2712 462 2773; x_wconf 78' lang='lat' dir='ltr'>serta</span> <span class='ocrx_word' id='word_1_185' title='bbox 500 2702 654 2790; x_wconf 78' lang='lat' dir='ltr'>proxima</span> <span class='ocrx_word' id='word_1_186' title='bbox 681 2711 756 2789; x_wconf 87' lang='lat' dir='ltr'>post</span> <span class='ocrx_word' id='word_1_187' title='bbox 786 2700 907 2770; x_wconf 88' lang='lat' dir='ltr'>testum</span> <span class='ocrx_word' id='word_1_188' title='bbox 945 2702 1040 2771; x_wconf 84' lang='lat' dir='ltr'>beate</span> <span class='ocrx_word' id='word_1_189' title='bbox 1077 2699 1260 2772; x_wconf 83' lang='lat' dir='ltr'>liatherine</span> <span class='ocrx_word' id='word_1_190' title='bbox 1296 2704 1441 2791; x_wconf 76' lang='lat' dir='ltr'>virginis</span> <span class='ocrx_word' id='word_1_191' title='bbox 1469 2710 1504 2775; x_wconf 88' lang='lat' dir='ltr'>et</span> 
     </span>
     <span class='ocr_line' id='line_1_22' title="bbox 711 2820 1030 2893; baseline 0 0"><span class='ocrx_word' id='word_1_192' title='bbox 711 2825 866 2893; x_wconf 88' lang='lat' dir='ltr'>martiris</span> <span class='ocrx_word' id='word_1_193' title='bbox 896 2820 1030 2893; x_wconf 83' lang='lat' dir='ltr'>Christi.</span> 
     </span>
    </p>
   </div>
   <div class='ocr_carea' id='block_1_3' title="bbox 731 2991 1006 3071">
    <p class='ocr_par' dir='ltr' id='par_1_3' title="bbox 731 2991 1006 3071">
     <span class='ocr_line' id='line_1_23' title="bbox 731 2991 1006 3071; baseline 0.007 -22"><span class='ocrx_word' id='word_1_194' title='bbox 731 3004 795 3071; x_wconf 71' lang='lat'><em>(27.</em></span> <span class='ocrx_word' id='word_1_195' title='bbox 820 2991 1006 3057; x_wconf 68' lang='lat' dir='ltr'>timueritis).</span> 
     </span>
    </p>
   </div>
   <div class='ocr_carea' id='block_1_4' title="bbox 237 3148 1501 3971">
    <p class='ocr_par' dir='ltr' id='par_1_4' title="bbox 237 3148 1501 3971">
     <span class='ocr_line' id='line_1_24' title="bbox 347 3148 1500 3234; baseline -0.005 -19"><span class='ocrx_word' id='word_1_196' title='bbox 347 3155 422 3215; x_wconf 89' lang='lat' dir='ltr'>ltem</span> <span class='ocrx_word' id='word_1_197' title='bbox 443 3154 534 3225; x_wconf 80' lang='lat' dir='ltr'>iurati</span> <span class='ocrx_word' id='word_1_198' title='bbox 553 3170 681 3211; x_wconf 84' lang='lat' dir='ltr'>eausam</span> <span class='ocrx_word' id='word_1_199' title='bbox 708 3150 788 3209; x_wconf 86' lang='lat' dir='ltr'>inter</span> <span class='ocrx_word' id='word_1_200' title='bbox 806 3148 982 3226; x_wconf 73' lang='lat' dir='ltr'>Georgium</span> <span class='ocrx_word' id='word_1_201' title='bbox 1003 3148 1149 3229; x_wconf 67' lang='lat' dir='ltr'>llosnyalt</span> <span class='ocrx_word' id='word_1_202' title='bbox 1167 3164 1197 3211; x_wconf 91' lang='lat' dir='ltr'>et</span> <span class='ocrx_word' id='word_1_203' title='bbox 1215 3152 1296 3211; x_wconf 89' lang='lat' dir='ltr'>inter</span> <span class='ocrx_word' id='word_1_204' title='bbox 1313 3151 1500 3234; x_wconf 88' lang='lat' dir='ltr'>Philippum</span> 
     </span>
     <span class='ocr_line' id='line_1_25' title="bbox 238 3255 1501 3337; baseline -0.003 -14"><span class='ocrx_word' id='word_1_205' title='bbox 238 3277 379 3323; x_wconf 87' lang='lat' dir='ltr'>sutorem</span> <span class='ocrx_word' id='word_1_206' title='bbox 407 3262 436 3320; x_wconf 90' lang='lat' dir='ltr'>in</span> <span class='ocrx_word' id='word_1_207' title='bbox 463 3258 546 3319; x_wconf 77' lang='lat' dir='ltr'>t&#39;acto</span> <span class='ocrx_word' id='word_1_208' title='bbox 571 3256 789 3336; x_wconf 83' lang='lat' dir='ltr'>sagittucionis</span> <span class='ocrx_word' id='word_1_209' title='bbox 814 3273 983 3334; x_wconf 65' lang='lat' dir='ltr'>pomorum</span> <span class='ocrx_word' id='word_1_210' title='bbox 1019 3255 1162 3315; x_wconf 88' lang='lat' dir='ltr'>eiusdem</span> <span class='ocrx_word' id='word_1_211' title='bbox 1189 3256 1320 3337; x_wconf 80' lang='lat' dir='ltr'>Georgii</span> <span class='ocrx_word' id='word_1_212' title='bbox 1347 3259 1501 3337; x_wconf 86' lang='lat' dir='ltr'>habitam,</span> 
     </span>
     <span class='ocr_line' id='line_1_26' title="bbox 238 3358 1500 3445; baseline -0.01 -15"><span class='ocrx_word' id='word_1_213' title='bbox 238 3369 400 3429; x_wconf 84' lang='lat' dir='ltr'>eomodo</span> <span class='ocrx_word' id='word_1_214' title='bbox 433 3365 667 3433; x_wconf 66' lang='lat' dir='ltr'>stillulis-urunt,</span> <span class='ocrx_word' id='word_1_215' title='bbox 700 3360 787 3441; x_wconf 86' lang='lat' dir='ltr'>quod</span> <span class='ocrx_word' id='word_1_216' title='bbox 822 3360 888 3437; x_wconf 79' lang='lat' dir='ltr'>ipse</span> <span class='ocrx_word' id='word_1_217' title='bbox 924 3358 1088 3439; x_wconf 69' lang='lat' dir='ltr'>Philippus</span> <span class='ocrx_word' id='word_1_218' title='bbox 1117 3362 1184 3421; x_wconf 83' lang='lat' dir='ltr'>solu</span> <span class='ocrx_word' id='word_1_219' title='bbox 1216 3382 1272 3422; x_wconf 89' lang='lat' dir='ltr'>sua</span> <span class='ocrx_word' id='word_1_220' title='bbox 1298 3363 1328 3422; x_wconf 88' lang='lat' dir='ltr'>in</span> <span class='ocrx_word' id='word_1_221' title='bbox 1362 3384 1500 3445; x_wconf 80' lang='lat' dir='ltr'>persona</span> 
     </span>
     <span class='ocr_line' id='line_1_27' title="bbox 237 3464 1500 3551; baseline -0.023 -16"><span class='ocrx_word' id='word_1_222' title='bbox 237 3490 351 3535; x_wconf 84' lang='lat' dir='ltr'>octavo</span> <span class='ocrx_word' id='word_1_223' title='bbox 377 3473 428 3532; x_wconf 88' lang='lat' dir='ltr'>die</span> <span class='ocrx_word' id='word_1_224' title='bbox 453 3489 548 3551; x_wconf 84' lang='lat' dir='ltr'>super</span> <span class='ocrx_word' id='word_1_225' title='bbox 572 3488 658 3529; x_wconf 69' lang='lat' dir='ltr'>:erasm</span> <span class='ocrx_word' id='word_1_226' title='bbox 679 3468 781 3535; x_wconf 81' lang='lat' dir='ltr'>iurare</span> <span class='ocrx_word' id='word_1_227' title='bbox 806 3464 966 3525; x_wconf 82' lang='lat' dir='ltr'>tenebitur</span> <span class='ocrx_word' id='word_1_228' title='bbox 983 3484 1077 3543; x_wconf 82' lang='lat' dir='ltr'>super</span> <span class='ocrx_word' id='word_1_229' title='bbox 1102 3486 1151 3539; x_wconf 65' lang='lat' dir='ltr'>eo,</span> <span class='ocrx_word' id='word_1_230' title='bbox 1176 3482 1208 3527; x_wconf 91' lang='lat' dir='ltr'>ut</span> <span class='ocrx_word' id='word_1_231' title='bbox 1228 3468 1293 3547; x_wconf 59' lang='lat' dir='ltr'>ipse</span> <span class='ocrx_word' id='word_1_232' title='bbox 1319 3468 1395 3530; x_wconf 62' lang='lat' dir='ltr'>hom</span> <span class='ocrx_word' id='word_1_233' title='bbox 1413 3486 1500 3533; x_wconf 64' lang='lat' dir='ltr'>sem</span> 
     </span>
     <span class='ocr_line' id='line_1_28' title="bbox 238 3570 1501 3659; baseline -0.004 -16"><span class='ocrx_word' id='word_1_234' title='bbox 238 3582 340 3643; x_wconf 84' lang='lat' dir='ltr'>nortis</span> <span class='ocrx_word' id='word_1_235' title='bbox 364 3579 503 3659; x_wconf 83' lang='lat' dir='ltr'>qttudam</span> <span class='ocrx_word' id='word_1_236' title='bbox 531 3590 622 3633; x_wconf 78' lang='lat' dir='ltr'>ttttcte</span> <span class='ocrx_word' id='word_1_237' title='bbox 649 3574 678 3632; x_wconf 90' lang='lat' dir='ltr'>in</span> <span class='ocrx_word' id='word_1_238' title='bbox 705 3570 905 3650; x_wconf 77' lang='lat' dir='ltr'>possessione</span> <span class='ocrx_word' id='word_1_239' title='bbox 935 3588 989 3627; x_wconf 82' lang='lat' dir='ltr'>suu</span> <span class='ocrx_word' id='word_1_240' title='bbox 1024 3570 1054 3627; x_wconf 88' lang='lat' dir='ltr'>in</span> <span class='ocrx_word' id='word_1_241' title='bbox 1081 3570 1222 3651; x_wconf 66' lang='lat' dir='ltr'>tlsntpno</span> <span class='ocrx_word' id='word_1_242' title='bbox 1254 3592 1313 3633; x_wconf 86' lang='lat' dir='ltr'>suo</span> <span class='ocrx_word' id='word_1_243' title='bbox 1338 3577 1501 3655; x_wconf 71' lang='lat' dir='ltr'>sagittavit</span> 
     </span>
     <span class='ocr_line' id='line_1_29' title="bbox 237 3673 1500 3770; baseline -0.004 -22"><span class='ocrx_word' id='word_1_244' title='bbox 237 3707 351 3770; x_wconf 70' lang='lat' dir='ltr'>primos</span> <span class='ocrx_word' id='word_1_245' title='bbox 376 3684 474 3764; x_wconf 83' lang='lat' dir='ltr'>ipsius</span> <span class='ocrx_word' id='word_1_246' title='bbox 500 3680 631 3759; x_wconf 88' lang='lat' dir='ltr'>Georgii</span> <span class='ocrx_word' id='word_1_247' title='bbox 659 3678 826 3739; x_wconf 77' lang='lat' dir='ltr'>llosnvuk;</span> <span class='ocrx_word' id='word_1_248' title='bbox 851 3675 890 3732; x_wconf 86' lang='lat' dir='ltr'>de</span> <span class='ocrx_word' id='word_1_249' title='bbox 915 3692 981 3751; x_wconf 84' lang='lat' dir='ltr'>quo</span> <span class='ocrx_word' id='word_1_250' title='bbox 1000 3673 1119 3741; x_wconf 70' lang='lat' dir='ltr'>iudicio</span> <span class='ocrx_word' id='word_1_251' title='bbox 1145 3676 1210 3754; x_wconf 82' lang='lat' dir='ltr'>ipse</span> <span class='ocrx_word' id='word_1_252' title='bbox 1236 3676 1397 3757; x_wconf 77' lang='lat' dir='ltr'>Georgius</span> <span class='ocrx_word' id='word_1_253' title='bbox 1422 3682 1500 3744; x_wconf 90' lang='lat' dir='ltr'>Bos·</span> 
     </span>
     <span class='ocr_line' id='line_1_30' title="bbox 239 3778 1499 3864; baseline -0.006 -10"><span class='ocrx_word' id='word_1_254' title='bbox 239 3797 321 3854; x_wconf 74' lang='lat' dir='ltr'>usal</span> <span class='ocrx_word' id='word_1_255' title='bbox 348 3812 411 3851; x_wconf 72' lang='lat' dir='ltr'>nem</span> <span class='ocrx_word' id='word_1_256' title='bbox 438 3802 616 3853; x_wconf 78' lang='lat' dir='ltr'>cotrtentus.</span> <span class='ocrx_word' id='word_1_257' title='bbox 635 3782 807 3863; x_wconf 74' lang='lat' dir='ltr'>appellavit</span> <span class='ocrx_word' id='word_1_258' title='bbox 830 3778 964 3839; x_wconf 84' lang='lat' dir='ltr'>eundem</span> <span class='ocrx_word' id='word_1_259' title='bbox 983 3798 1109 3837; x_wconf 84' lang='lat' dir='ltr'>csusam</span> <span class='ocrx_word' id='word_1_260' title='bbox 1136 3800 1206 3839; x_wconf 81' lang='lat' dir='ltr'>eum</span> <span class='ocrx_word' id='word_1_261' title='bbox 1232 3786 1321 3844; x_wconf 78' lang='lat' dir='ltr'>totali</span> <span class='ocrx_word' id='word_1_262' title='bbox 1348 3806 1499 3864; x_wconf 83' lang='lat' dir='ltr'>processu</span> 
     </span>
     <span class='ocr_line' id='line_1_31' title="bbox 238 3868 1497 3971; baseline -0.024 -10"><span class='ocrx_word' id='word_1_263' title='bbox 238 3868 269 3961; x_wconf 78' lang='lat' dir='ltr'>et</span> <span class='ocrx_word' id='word_1_264' title='bbox 285 3897 527 3969; x_wconf 72' lang='lat' dir='ltr'>atlittdicurione</span> <span class='ocrx_word' id='word_1_265' title='bbox 542 3893 683 3971; x_wconf 80' lang='lat' dir='ltr'>ipsorum</span> <span class='ocrx_word' id='word_1_266' title='bbox 703 3887 877 3953; x_wconf 79' lang='lat' dir='ltr'>iuratorum</span> <span class='ocrx_word' id='word_1_267' title='bbox 904 3884 933 3941; x_wconf 90' lang='lat' dir='ltr'>in</span> <span class='ocrx_word' id='word_1_268' title='bbox 953 3884 1147 3961; x_wconf 81' lang='lat' dir='ltr'>presencium</span> <span class='ocrx_word' id='word_1_269' title='bbox 1166 3888 1327 3949; x_wconf 72' lang='lat' dir='ltr'>seniorum</span> <span class='ocrx_word' id='word_1_270' title='bbox 1354 3891 1497 3957; x_wconf 47' lang='lat' dir='ltr'>judicum</span> 
     </span>
    </p>
   </div>
   <div class='ocr_carea' id='block_1_5' title="bbox 237 3988 1126 4088">
    <p class='ocr_par' dir='ltr' id='par_1_5' title="bbox 237 3988 1126 4088">
     <span class='ocr_line' id='line_1_32' title="bbox 237 3988 1126 4088; baseline -0.022 -20"><span class='ocrx_word' id='word_1_271' title='bbox 237 4027 295 4088; x_wconf 78' lang='lat' dir='ltr'>pru</span> <span class='ocrx_word' id='word_1_272' title='bbox 320 4004 405 4066; x_wconf 84' lang='lat' dir='ltr'>liuuli</span> <span class='ocrx_word' id='word_1_273' title='bbox 431 4018 459 4062; x_wconf 91' lang='lat' dir='ltr'>et</span> <span class='ocrx_word' id='word_1_274' title='bbox 486 3998 610 4059; x_wconf 88' lang='lat' dir='ltr'>meliori</span> <span class='ocrx_word' id='word_1_275' title='bbox 637 3996 735 4074; x_wconf 79' lang='lat' dir='ltr'>ipsius</span> <span class='ocrx_word' id='word_1_276' title='bbox 763 4008 856 4049; x_wconf 78' lang='lat' dir='ltr'>cause</span> <span class='ocrx_word' id='word_1_277' title='bbox 881 3988 1126 4048; x_wconf 78' lang='lat' dir='ltr'>deliberacione.</span> 
     </span>
    </p>
   </div>
   <div class='ocr_carea' id='block_1_6' title="bbox 345 4110 1498 4203">
    <p class='ocr_par' dir='ltr' id='par_1_6' title="bbox 345 4110 1498 4203">
     <span class='ocr_line' id='line_1_33' title="bbox 345 4110 1498 4203; baseline -0.018 -14"><span class='ocrx_word' id='word_1_278' title='bbox 345 4129 419 4189; x_wconf 87' lang='lat' dir='ltr'>ltem</span> <span class='ocrx_word' id='word_1_279' title='bbox 448 4123 592 4203; x_wconf 67' lang='lat' dir='ltr'>,liutbtus</span> <span class='ocrx_word' id='word_1_280' title='bbox 617 4114 765 4179; x_wconf 74' lang='lat' dir='ltr'>l‘ucluch</span> <span class='ocrx_word' id='word_1_281' title='bbox 791 4126 899 4172; x_wconf 68' lang='lat' dir='ltr'>cisium</span> <span class='ocrx_word' id='word_1_282' title='bbox 926 4110 1070 4167; x_wconf 80' lang='lat' dir='ltr'>l&#39;tsulom</span> <span class='ocrx_word' id='word_1_283' title='bbox 1098 4112 1191 4170; x_wconf 75' lang='lat' dir='ltr'>ltsm</span> <span class='ocrx_word' id='word_1_284' title='bbox 1217 4120 1357 4177; x_wconf 81' lang='lat' dir='ltr'>secundo</span> <span class='ocrx_word' id='word_1_285' title='bbox 1383 4124 1498 4188; x_wconf 58' lang='lat' dir='ltr'>cimus</span> 
     </span>
    </p>
   </div>
   <div class='ocr_carea' id='block_1_7' title="bbox 238 4232 1497 4870">
    <p class='ocr_par' dir='ltr' id='par_1_7' title="bbox 239 4232 516 4315">
     <span class='ocr_line' id='line_1_34' title="bbox 239 4232 516 4315; baseline -0.025 -17"><span class='ocrx_word' id='word_1_286' title='bbox 239 4258 302 4298; x_wconf 83' lang='lat' dir='ltr'>nott</span> <span class='ocrx_word' id='word_1_287' title='bbox 328 4232 516 4315; x_wconf 84' lang='lat' dir='ltr'>comparuit.</span> 
     </span>
    </p>

    <p class='ocr_par' dir='ltr' id='par_1_8' title="bbox 238 4336 1497 4870">
     <span class='ocr_line' id='line_1_35' title="bbox 345 4336 1497 4436; baseline -0.011 -16"><span class='ocrx_word' id='word_1_288' title='bbox 345 4360 420 4420; x_wconf 91' lang='lat' dir='ltr'>ltem</span> <span class='ocrx_word' id='word_1_289' title='bbox 446 4356 520 4436; x_wconf 89' lang='lat' dir='ltr'>quia</span> <span class='ocrx_word' id='word_1_290' title='bbox 540 4348 700 4427; x_wconf 90' lang='lat' dir='ltr'>Georgius</span> <span class='ocrx_word' id='word_1_291' title='bbox 718 4344 821 4402; x_wconf 81' lang='lat' dir='ltr'>dictus</span> <span class='ocrx_word' id='word_1_292' title='bbox 840 4339 1018 4415; x_wconf 67' lang='lat' dir='ltr'>llroguotn</span> <span class='ocrx_word' id='word_1_293' title='bbox 1034 4336 1116 4394; x_wconf 76' lang='lat' dir='ltr'>tilius</span> <span class='ocrx_word' id='word_1_294' title='bbox 1134 4338 1256 4401; x_wconf 70' lang='lat' dir='ltr'>Nicolsi</span> <span class='ocrx_word' id='word_1_295' title='bbox 1276 4345 1349 4406; x_wconf 86' lang='lat' dir='ltr'>dicti</span> <span class='ocrx_word' id='word_1_296' title='bbox 1370 4350 1497 4431; x_wconf 59' lang='lat' dir='ltr'>lla-trus,</span> 
     </span>
     <span class='ocr_line' id='line_1_36' title="bbox 238 4441 1495 4533; baseline -0.006 -7"><span class='ocrx_word' id='word_1_297' title='bbox 238 4468 378 4531; x_wconf 71' lang='lat' dir='ltr'>comitis</span> <span class='ocrx_word' id='word_1_298' title='bbox 400 4477 517 4533; x_wconf 86' lang='lat' dir='ltr'>noster,</span> <span class='ocrx_word' id='word_1_299' title='bbox 537 4459 566 4519; x_wconf 86' lang='lat' dir='ltr'>id</span> <span class='ocrx_word' id='word_1_300' title='bbox 592 4474 664 4516; x_wconf 86' lang='lat' dir='ltr'>eum</span> <span class='ocrx_word' id='word_1_301' title='bbox 681 4446 850 4511; x_wconf 76' lang='lat' dir='ltr'>sut&#39;ticienti</span> <span class='ocrx_word' id='word_1_302' title='bbox 877 4458 905 4503; x_wconf 89' lang='lat' dir='ltr'>et</span> <span class='ocrx_word' id='word_1_303' title='bbox 929 4441 1090 4517; x_wconf 75' lang='lat' dir='ltr'>t&#39;ulediguo</span> <span class='ocrx_word' id='word_1_304' title='bbox 1108 4458 1287 4505; x_wconf 65' lang='lat' dir='ltr'>rttsstrorum</span> <span class='ocrx_word' id='word_1_305' title='bbox 1313 4456 1495 4521; x_wconf 77' lang='lat' dir='ltr'>coercitium</span> 
     </span>
     <span class='ocr_line' id='line_1_37' title="bbox 238 4546 1494 4637; baseline -0.022 -6"><span class='ocrx_word' id='word_1_306' title='bbox 238 4572 424 4637; x_wconf 84' lang='lat' dir='ltr'>testimonio</span> <span class='ocrx_word' id='word_1_307' title='bbox 450 4567 545 4628; x_wconf 86' lang='lat' dir='ltr'>hodie</span> <span class='ocrx_word' id='word_1_308' title='bbox 572 4564 602 4623; x_wconf 87' lang='lat' dir='ltr'>in</span> <span class='ocrx_word' id='word_1_309' title='bbox 628 4558 702 4619; x_wconf 86' lang='lat' dir='ltr'>sede</span> <span class='ocrx_word' id='word_1_310' title='bbox 727 4568 833 4616; x_wconf 74' lang='lat' dir='ltr'>ttcssttu</span> <span class='ocrx_word' id='word_1_311' title='bbox 860 4546 1022 4613; x_wconf 73' lang='lat' dir='ltr'>iudiciario</span> <span class='ocrx_word' id='word_1_312' title='bbox 1041 4546 1122 4603; x_wconf 66' lang='lat' dir='ltr'>&lt;leue</span> <span class='ocrx_word' id='word_1_313' title='bbox 1148 4555 1367 4628; x_wconf 62' lang='lat' dir='ltr'>atsteigi-obsti(</span> <span class='ocrx_word' id='word_1_314' title='bbox 1386 4578 1494 4625; x_wconf 51' lang='lat' dir='ltr'>&lt;osam</span> 
     </span>
     <span class='ocr_line' id='line_1_38' title="bbox 238 4648 1496 4755; baseline -0.029 -14"><span class='ocrx_word' id='word_1_315' title='bbox 238 4681 342 4755; x_wconf 84' lang='lat' dir='ltr'>nobis,</span> <span class='ocrx_word' id='word_1_316' title='bbox 365 4692 398 4739; x_wconf 89' lang='lat' dir='ltr'>ut</span> <span class='ocrx_word' id='word_1_317' title='bbox 423 4676 499 4735; x_wconf 84' lang='lat' dir='ltr'>dum</span> <span class='ocrx_word' id='word_1_318' title='bbox 526 4666 658 4753; x_wconf 76' lang='lat' dir='ltr'>provido</span> <span class='ocrx_word' id='word_1_319' title='bbox 691 4660 805 4723; x_wconf 79' lang='lat' dir='ltr'>tttttlier</span> <span class='ocrx_word' id='word_1_320' title='bbox 839 4654 937 4713; x_wconf 73' lang='lat' dir='ltr'>lieno</span> <span class='ocrx_word' id='word_1_321' title='bbox 965 4650 1054 4707; x_wconf 84' lang='lat' dir='ltr'>sliter</span> <span class='ocrx_word' id='word_1_322' title='bbox 1089 4648 1240 4727; x_wconf 80' lang='lat' dir='ltr'>lhsgsus</span> <span class='ocrx_word' id='word_1_323' title='bbox 1267 4674 1388 4733; x_wconf 47' lang='lat' dir='ltr'>iescam·</span> <span class='ocrx_word' id='word_1_324' title='bbox 1414 4684 1496 4729; x_wconf 58' lang='lat' dir='ltr'>mos</span> 
     </span>
     <span class='ocr_line' id='line_1_39' title="bbox 239 4756 1495 4870; baseline 0.001 -38"><span class='ocrx_word' id='word_1_325' title='bbox 239 4786 395 4870; x_wconf 58' lang='lat' dir='ltr'>legittima</span> <span class='ocrx_word' id='word_1_326' title='bbox 420 4781 518 4865; x_wconf 65' lang='lat' dir='ltr'>ipsius</span> <span class='ocrx_word' id='word_1_327' title='bbox 543 4770 674 4853; x_wconf 80' lang='lat' dir='ltr'>Georgii</span> <span class='ocrx_word' id='word_1_328' title='bbox 701 4770 731 4829; x_wconf 89' lang='lat' dir='ltr'>in</span> <span class='ocrx_word' id='word_1_329' title='bbox 757 4758 906 4823; x_wconf 83' lang='lat' dir='ltr'>estretuis</span> <span class='ocrx_word' id='word_1_330' title='bbox 931 4756 993 4813; x_wconf 81' lang='lat' dir='ltr'>site</span> <span class='ocrx_word' id='word_1_331' title='bbox 1017 4772 1072 4811; x_wconf 87' lang='lat' dir='ltr'>sue</span> <span class='ocrx_word' id='word_1_332' title='bbox 1101 4758 1285 4831; x_wconf 74' lang='lat' dir='ltr'>temporalis</span> <span class='ocrx_word' id='word_1_333' title='bbox 1309 4762 1495 4847; x_wconf 74' lang='lat' dir='ltr'>laborasset,</span> 
     </span>
    </p>
   </div>
   <div class='ocr_carea' id='block_1_8' title="bbox 0 0 1748 5272">
    <p class='ocr_par' dir='ltr' id='par_1_9' title="bbox 0 0 1748 5272">
     <span class='ocr_line' id='line_1_40' title="bbox 0 0 1748 5272; baseline 0 3"><span class='ocrx_word' id='word_1_334' title='bbox 0 0 1748 5272; x_wconf 95' lang='lat' dir='ltr'> </span> 
     </span>
    </p>
   </div>
  </div>
 </body>
</html>
