3488 5272
608 335 694 392 Anno
717 329 811 411 1466.
839 368 878 376 -
896 346 931 408 5.
954 334 1114 396 decembris.
1437 352 1496 414 305

345 545 422 604 ltem
448 563 575 605 causam
595 545 675 604 inter
701 544 853 624 Egidium
875 560 904 605 et
922 545 1127 606 Valentinum
1154 545 1246 623 jurati
1275 545 1498 628 adjudicarunt

237 653 337 712 modo
354 651 421 728 tali,
446 664 479 712 ut
505 652 589 712 idem
609 651 743 731 Egidius
768 651 863 712 debet
887 651 990 730 jurare
1008 652 1039 711 in
1064 672 1117 712 ara
1135 666 1240 712 sancte
1259 652 1382 730 Crucis,
1408 653 1496 734 quod

239 774 342 819 taxam
377 757 463 818 illam
500 777 595 838 quam
622 759 688 837 ipse
720 758 881 818 tenebitur
913 757 1047 817 domino
1078 778 1147 834 suo,
1174 777 1269 838 quam
1300 759 1325 818 si
1358 760 1423 838 ipse
1448 779 1499 818 ex-

238 865 343 940 solvit,
368 865 463 924 debet
487 864 545 923 sibi
573 863 661 923 reddi
688 883 743 943 pet
769 862 904 923 eandem
933 863 1102 924 mulierem
1127 863 1289 945 completo
1307 863 1498 941 juramento,

238 984 268 1031 et
292 970 353 1031 hoc
379 969 456 1031 feria
480 982 568 1030 sexta
593 969 738 1049 proxime
763 981 907 1030 ventura.

344 1077 420 1137 ltem
446 1095 573 1136 causam
599 1077 681 1136 inter
706 1075 898 1156 Dyonisium
922 1075 1071 1156 Sipchich
1097 1089 1127 1137 et
1145 1074 1347 1137 Clementem
1374 1075 1499 1136 moder-

238 1202 314 1243 num
340 1182 478 1260 juratum
498 1175 772 1262 prolongaverunt
791 1201 891 1262 usque
909 1182 1045 1262 primam
1064 1182 1150 1242 diem
1169 1180 1378 1256 judicacionis
1394 1181 1497 1259 jurati.

343 1288 419 1349 Item
446 1306 573 1348 causam
600 1289 681 1348 inter
706 1287 1063 1368 Philippum,sutotem
1097 1303 1127 1348 et
1153 1288 1280 1348 Petrum
1304 1287 1424 1369 Dragin
1451 1287 1496 1365 ju·

238 1395 294 1454 rati
321 1393 596 1473 adjudicaverunt,
614 1393 724 1452 Petrus
749 1392 869 1473 Dragin
896 1394 991 1453 debet
1008 1392 1111 1471 jurare
1137 1394 1280 1473 proxima
1306 1408 1391 1453 sexta
1411 1392 1499 1470 feria,

237 1515 270 1562 ut
296 1500 375 1560 illud
402 1501 534 1561 mileum
560 1519 618 1580 pro
644 1518 709 1580 quo
734 1500 792 1580 ipsi
819 1499 1026 1579 litigabantur
1050 1519 1115 1560 non
1140 1499 1236 1560 habet
1261 1497 1401 1580 prelatus
1426 1500 1497 1560 Phi·

237 1606 343 1687 lippus
367 1620 456 1666 sutor
489 1605 611 1666 nullam
638 1605 825 1685 porcionem
858 1625 913 1665 seu
942 1606 1128 1667 societatem
1161 1625 1219 1687 pro
1245 1605 1301 1666 illo
1325 1605 1447 1682 mille0‚
1470 1621 1501 1666 et

239 1714 327 1794 quod
346 1714 430 1773 idem
451 1714 560 1774 Petrus
580 1711 710 1793 Dragyn
729 1712 817 1773 dedit
835 1711 957 1793 prefato
982 1711 1132 1793 Philippo
1150 1731 1260 1772 verum
1278 1731 1371 1773 suum
1389 1733 1498 1773 semen

236 1820 324 1901 quod
349 1819 437 1879 solus
461 1819 650 1892 seminavit;
687 1830 717 1878 et
750 1819 881 1899 quando
914 1817 1055 1899 prefatus
1079 1819 1190 1879 Petrus
1223 1819 1393 1899 prestitetit
1418 1819 1499 1896 jura·

238 1939 393 2003 mentum,
417 1941 492 1986 tunc
519 1925 603 1986 idem
630 1924 798 2006 Philippus
824 1925 967 1986 manebit
992 1925 1023 1985 in
1048 1924 1217 1986 violencia.

314 2148 459 2216 Sabbato
489 2149 642 2234 proximo
673 2153 750 2216 ante
778 2145 900 2215 festum
930 2147 1018 2215 beati
1050 2144 1184 2215 Martini
1214 2149 1360 2234 episcopi
1390 2155 1423 2217 et

763 2271 976 2342 confessoris.

743 2420 791 2500 (8.
816 2424 1000 2497 novembris),

343 2564 418 2624 ltem
445 2582 572 2624 causam
606 2565 687 2624 inter
712 2562 891 2624 lohannem
918 2564 1081 2625 Perowich
1114 2565 1272 2625 seniorem
1300 2564 1439 2643 judicem
1465 2586 1500 2627 ac

237 2669 399 2729 Thomam
426 2669 576 2747 iuratum,
601 2670 744 2731 seniores
768 2669 888 2748 judices
905 2671 1009 2732 taliter
1033 2670 1268 2731 adinvenerunt
1285 2691 1342 2752 pro
1368 2673 1501 2752 quibus-

237 2773 310 2835 dam
337 2777 430 2836 rebus
455 2795 489 2836 ac
508 2776 601 2836 bonis
618 2796 673 2856 per
691 2776 863 2856 quemdam
890 2776 1052 2837 Andream
1087 2776 1275 2837 Mindorffer
1299 2790 1496 2858 receptarum

238 2901 272 2940 ac
299 2881 488 2959 ablatarum,
521 2882 607 2963 quod
642 2882 726 2942 idem
753 2881 913 2941 Johannes
948 2881 1111 2943 Perowich
1147 2880 1269 2963 prelato
1303 2882 1430 2943 Thome
1463 2884 1494 2943 in

241 2987 331 3048 nullo
357 2987 437 3049 ioret
462 2988 632 3069 culpabilis
656 3007 714 3048 nec
739 3007 811 3047 reus
835 3007 892 3068 pto
918 2985 1046 3068 prefatis
1071 2989 1166 3048 rebus
1189 3008 1245 3068 per
1269 2988 1407 3050 eundem
1434 2994 1498 3049 An·

240 3093 348 3153 dream
375 3095 498 3170 ablatis,
535 3094 609 3174 quia
635 3114 684 3154 res
715 3093 839 3154 homini
871 3092 982 3173 prelati
1011 3093 1188 3154 Mindorfer
1220 3093 1346 3155 luerunt
1371 3109 1496 3177 recepte

239 3197 319 3276 iuste
344 3214 378 3261 ut
402 3199 523 3260 aialsis
547 3213 578 3259 et
599 3200 724 3259 crimini
753 3213 835 3259 recte
863 3219 902 3260 ne
921 3199 1076 3276 fallentes,
1089 3202 1158 3275 (sic)
1179 3200 1234 3260 sed
1260 3220 1316 3282 per
1339 3202 1499 3282 supplica·

239 3306 348 3365 ciones
372 3307 489 3365 civium
516 3305 627 3366 eedem
655 3325 703 3365 res
728 3303 855 3366 luerunt
881 3307 1022 3367 restitute
1055 3327 1110 3387 per
1135 3306 1292 3388 prefatum
1318 3307 1497 3368 iohannem

238 3413 401 3473 l‘erowich
427 3415 502 3493 ipsis
527 3414 712 3474 hominibus
744 3410 856 3494 prefati
876 3413 1071 3488 Mindorler3
1097 3411 1301 3495 prelatusque
1331 3434 1406 3475 vero
1432 3419 1499 3475 An·

237 3519 327 3579 dreas
361 3519 538 3580 Mindorler
571 3540 619 3580 res
655 3540 734 3600 quas
766 3535 927 3600 receperat
958 3522 997 3580 ab
1029 3522 1192 3601 aliquibus
1223 3522 1347 3581 civibus
1380 3522 1495 3582 nostris

240 3645 297 3705 pro
322 3625 450 3706 prelatis
475 3625 588 3685 ablatis
612 3628 707 3686 rebus
731 3627 920 3705 promiserat
949 3627 1124 3704 restituere,
1149 3629 1248 3686 etsie
1272 3646 1336 3687 non
1362 3628 1499 3687 restituit

241 3751 339 3811 usque
366 3731 438 3809 huc,
463 3745 493 3790 et
517 3732 560 3791 sic
586 3733 651 3812 ipsc
670 3731 752 3793 foret
776 3732 833 3791 sibi
859 3732 1028 3813 culpabilis
1052 3747 1082 3792 et
1100 3753 1163 3792 non
1182 3732 1322 3814 prelatus
1340 3734 1501 3794 lohannes

238 3837 414 3898 Perowich.

274 4054 368 4126 lesia
398 4068 495 4126 sexta
525 4062 678 4144 proxima
722 4067 801 4128 ante
829 4057 950 4129 festum
985 4058 1073 4129 beati
1104 4058 1227 4129 licoisi
1258 4059 1472 4137 confessoris,

684 4185 835 4270 proxime
863 4196 1052 4253 venturum.

749 4338 788 4409 (5.
814 4336 991 4409 decembris).

346 4473 419 4532 ltent
455 4493 580 4532 causam
617 4476 697 4534 inter
731 4474 943 4536 laurencium
976 4496 1097 4557 sporar,
1122 4477 1200 4536 alias
1232 4477 1382 4537 comitem
1417 4478 1499 4539 dicte

238 4578 384 4651 civitatis,
410 4595 444 4639 ut
469 4595 607 4641 actorem
652 4583 692 4642 ab
726 4601 800 4657 una,
832 4597 862 4642 et
887 4581 1021 4642 l'aulum
1048 4583 1200 4663 lagatych
1234 4583 1366 4658 dictum,
1399 4585 1500 4644 carni-

237 4682 341 4760 ficem,
366 4684 486 4760 juratos
510 4699 540 4747 et
563 4686 649 4748 cives
666 4686 748 4748 dicte
770 4687 917 4765 civitatis,
943 4688 1025 4749 utin
1052 4707 1179 4749 causam
1198 4701 1347 4749 attractos
1371 4690 1499 4751 racione

239 4810 303 4851 non
328 4792 582 4872 appreciacionis
605 4794 646 4854 ab
670 4793 787 4855 eodem
812 4794 956 4856 maccelli
980 4809 1012 4856 et
1027 4795 1179 4856 animalis
1204 4795 1329 4857 venalia
1354 4796 1385 4857 in
1410 4797 1500 4859 terti·

1394 4904 1437 4947 ao
