3488 5272
243 323 299 367 102
620 306 707 365 Anno
725 317 814 384 1455.
839 339 880 348 -
903 302 934 364 ό.
958 305 1119 365 decembris.

238 517 381 580 eiusdem
400 517 601 599 Margarethe
618 517 763 579 mulieris
779 517 920 599 prefatus
938 517 1094 579 Martinus
1111 517 1205 598 judex
1222 531 1388 600 tamquam
1408 536 1503 579 verus

236 625 473 686 commissarius
490 624 670 686 testamenti
689 624 826 686 verbalis
837 623 1026 686 eorumdem
1041 623 1197 685 lobannis
1214 622 1294 686 fabri
1319 637 1349 686 et
1375 624 1500 705 Marga-

237 729 324 793 rethe
349 731 494 793 mulieris
518 731 647 813 plenam
676 729 837 791 vendendi
871 744 901 791 et
926 729 1032 791 debita
1065 729 1270 812 persolvendi
1295 743 1326 792 et
1348 749 1408 814 pto
1431 729 1499 792 ani·

237 838 351 899 mabus
376 837 518 919 ipsorum
537 836 738 921 expendendi
764 836 895 899 haberet
912 836 1115 913 facultatem3
1132 835 1286 919 (h)ortum
1311 856 1388 898 vero
1405 856 1501 899 suom

236 944 384 1006 similiter
408 944 512 1007 eidem
539 944 678 1006 Martino
703 943 801 1025 judici
826 945 955 1026 plenam
973 943 1135 1006 vendendi
1156 959 1187 1005 et
1212 944 1243 1004 in
1269 943 1413 1025 exequiis
1436 943 1504 1005 suis

237 1050 440 1133 expendendi
465 1050 598 1112 haberet
628 1064 836 1132 potestatem;
870 1063 900 1111 et
924 1050 1000 1130 quia
1034 1049 1101 1131 ipse
1127 1048 1304 1130 Gregorius
1328 1049 1360 1110 in
1385 1049 1502 1132 puerili

236 1170 318 1218 etate
343 1170 389 1217 est
413 1171 570 1235 mortuus,
596 1157 734 1237 ideoque
761 1176 819 1216 nos
843 1156 1002 1238 predictas
1024 1175 1137 1217 omnes
1161 1156 1379 1238 possessiones
1403 1154 1503 1217 modo

236 1263 392 1345 premisso
417 1261 614 1345 specificatae
645 1261 769 1345 prelato
795 1262 934 1324 Martino
959 1261 1058 1343 judici
1090 1276 1256 1343 tamquam
1281 1261 1502 1323 commissario

239 1369 382 1450 ipsorum
409 1368 565 1430 lobannis
590 1368 669 1431 labri
696 1383 726 1430 et
752 1366 952 1449 Margarethe
971 1368 1115 1429 mulieris
1138 1369 1268 1451 plenam
1287 1366 1448 1429 vendendi
1473 1380 1504 1429 et

238 1474 337 1535 modo
361 1475 517 1556 premisso
542 1473 735 1557 disponendi
760 1474 965 1536 attribuimus
988 1471 1184 1536 facultatem.

307 1690 403 1764 Feria
432 1701 531 1764 sexta
560 1697 714 1782 proxima
744 1701 820 1782 post
848 1692 969 1764 festum
998 1695 1087 1764 beati
1117 1691 1246 1764 andree
1275 1693 1431 1782 apostoli.

751 1845 795 1924 (5.
819 1845 995 1925 decembris).

349 1986 425 2047 ltem
448 1987 522 2067 quia
549 1986 743 2048 Benedictus
767 1986 858 2047 aliter
882 1984 989 2046 Bedelr
1011 1999 1153 2064 vocatus,
1179 1984 1263 2047 lilius
1285 1986 1423 2048 condam
1450 1987 1502 2048 Jo-

240 2093 367 2170 hannis,
382 2091 564 2153 Krathehen
579 2092 693 2168 dictus,
708 2106 737 2152 et
750 2090 933 2152 Anthonius
947 2090 1050 2153 dictus
1068 2091 1211 2170 Plezecz‚
1228 2093 1375 2153 concives
1392 2093 1505 2171 nostri,

241 2199 273 2259 id
299 2218 370 2260 cum
396 2197 567 2260 sufficienti
593 2198 689 2260 hodie
706 2217 814 2259 coram
840 2198 933 2259 nobis
959 2199 990 2258 in
1015 2197 1136 2277 judicio
1154 2199 1237 2261 clare
1254 2201 1505 2281 comprobarunt

242 2318 272 2366 et
297 2304 472 2382 evidenter,
497 2316 532 2365 ut
557 2304 634 2364 dum
660 2302 797 2364 Michael
822 2303 926 2364 dictus
943 2302 1049 2364 Malak
1075 2302 1115 2365 de
1141 2305 1249 2384 (deest)
1274 2318 1305 2366 et
1330 2304 1430 2366 Elena
1448 2326 1504 2367 sua

240 2430 371 2472 consors
403 2411 433 2472 in
467 2410 616 2472 extremis
644 2409 707 2470 vite
740 2428 851 2470 eorum
884 2409 1073 2490 temporalis
1105 2409 1314 2489 laborassent,
1337 2424 1413 2472 tunc
1446 2412 1505 2494 ipsi

241 2517 406 2579 universas
423 2537 472 2578 res
496 2531 526 2578 er
544 2519 629 2576 bona
653 2535 709 2576 sua
734 2513 884 2576 videlicet
901 2515 974 2575 vina
997 2529 1027 2574 et
1050 2514 1143 2575 blada
1162 2535 1197 2577 ac
1221 2517 1300 2577 alias
1323 2537 1375 2579 res
1391 2537 1504 2579 eorum

241 2642 355 2685 omnes
379 2623 516 2685 mobiles
540 2637 571 2682 et
596 2620 769 2682 inmobiles
793 2621 824 2680 in
850 2620 934 2682 dicta
959 2621 1086 2681 civitate
1116 2635 1146 2682 et
1170 2623 1239 2683 eius
1263 2623 1425 2685 territorio
1451 2624 1505 2685 ha·

243 2729 335 2806 hiras,
360 2730 475 2810 quovis
500 2727 641 2789 nominis
664 2728 822 2788 vocabulo
848 2727 1012 2803 vocitatas,
1038 2725 1167 2809 prelatis
1184 2728 1360 2791 Benedicto
1385 2743 1417 2792 et
1440 2735 1505 2792 An·

241 2835 354 2897 thonio
379 2850 542 2915 tamquam
562 2833 789 2893 commissoriis
806 2851 917 2893 eorum
943 2833 1026 2893 veris
1044 2832 1181 2894 vendere
1198 2849 1229 2896 et
1254 2855 1311 2916 pro
1336 2836 1507 2898 animabus

243 2941 385 3022 ipsorum
411 2939 548 3002 lideliter
572 2937 752 3019 expendere
779 2938 1013 2998 commisissem
1037 2953 1066 2999 et
1089 2939 1257 3019 legassent,
1282 2939 1421 3023 ideoque
1446 2962 1506 3004 nos

243 3047 372 3107 easdem
398 3066 446 3106 rcs
463 3061 492 3106 ct
518 3048 601 3105 bona
620 3043 757 3104 mobiles
775 3058 805 3103 et
823 3044 990 3104 inmobilia
1010 3045 1151 3124 ipsorum
1171 3046 1337 3107 Michaelis
1354 3063 1385 3108 et
1403 3049 1504 3110 Elene

242 3171 298 3213 sue
322 3152 477 3212 consortis
502 3149 630 3231 prel'xtis
657 3148 829 3208 llenedicto
854 3162 884 3209 et
911 3149 1075 3209 :lothonio
1105 3165 1269 3231 tamquam
1295 3154 1377 3214 veris
1402 3169 1433 3215 et
1459 3155 1503 3215 le-

242 3257 377 3337 gittimis
401 3254 628 3316 conmxissariis
660 3252 849 3312 eorumdem
885 3253 1050 3313 Michaelis
1083 3270 1113 3315 et
1146 3256 1245 3316 Elene
1270 3278 1326 3319 sue
1349 3261 1506 3321 consortis

244 3364 370 3444 plenam
406 3360 564 3422 vendendi
599 3374 628 3418 et
661 3378 717 3439 pro
751 3358 918 3417 strinximus
952 3359 1092 3438 ipsorum
1126 3360 1209 3431 iuxta
1243 3365 1504 3426 commissionem

244 3471 385 3551 ipsorum
409 3465 621 3528 distribuendi
640 3479 669 3525 et
687 3464 881 3543 disponendi
899 3464 1102 3524 attribuimus
1127 3471 1293 3546 potestatis
1310 3469 1505 3534 facultatem.

612 3684 757 3752 satiriani
786 3684 934 3769 proxime
963 3686 1125 3769 sentienti.

764 3854 793 3909 d.
818 3852 990 3909 ‚inemo-ss.

351 3997 427 4058 ltem
453 3996 595 4056 seniores
621 3993 740 4059 indices
765 4009 892 4049 csttssm
919 3991 948 4049 in
971 3989 1053 4049 lacto
1077 3994 1241 4055 cniusdam
1268 4013 1348 4060 terre
1374 4003 1505 4064 arabilis

246 4107 420 4168 liberorum
447 4101 583 4163 carradam
612 4098 705 4159 illasii
734 4096 880 4173 lirani-n.
906 4095 985 4154 inter
1017 4098 1214 4160 ‚lothonium
1240 4103 1376 4167 iuratum
1402 4106 1503 4169 lilium

246 4212 374 4273 Thome
407 4209 445 4269 de
479 4206 701 4283 lirabronnyk
727 4217 755 4261 et
791 4201 870 4259 inter
903 4199 1080 4259 ,iohannem
1115 4203 1252 4265 iudicem
1292 4208 1393 4271 tilium
1420 4212 1503 4275 Peto

247 4318 338 4389 iurati
363 4330 392 4378 et
419 4316 499 4375 inter
523 4312 688 4371 dominam
724 4304 956 4384 llarparetlimu
991 4319 1122 4364 mmreni
1157 4310 1255 4385 ipsius
1280 4314 1434 4376 ,lobannis
1459 4319 1506 4385 iu.

246 4425 336 4499 dicis,
360 4440 467 4483 coram
494 4419 602 4485 iuratis
627 4430 745 4475 ιιιιιιιιιιι
773 4427 801 4471 et
828 4430 882 4489 per
907 4409 1037 4469 eosdem
1069 4412 1186 4475 iurastis
1222 4418 1450 4491 adiudicsram,
1474 4441 1506 4487 et

247 4530 376 4593 tandem
410 4548 465 4610 per
498 4528 601 4607 ipsum
635 4521 814 4581 ,loliannem
851 4514 987 4577 indicem
1018 4513 1056 4573 de
1088 4516 1330 4583 xtliodicaeione
1363 4528 1505 4607 ipsorum

248 4637 423 4713 juratorum
450 4652 514 4694 non
539 4642 738 4695 contentum.
764 4624 794 4682 io
831 4620 1026 4701 presenciam
1060 4623 1246 4685 coronidem
1271 4632 1434 4695 seniorum
1459 4635 1507 4707 iu·

248 4744 356 4805 dicum
378 4739 583 4822 appellatam.
608 4733 661 4795 tali
688 4730 787 4791 modo
812 4724 1086 4795 adiudicaxeront.
1116 4740 1147 4783 ιιι
1175 4746 1239 4805 ipss
1265 4732 1396 4797 ilatum,
1423 4740 1505 4801 Mn.
