3488 5272
664 303 750 360 Anno
772 298 865 380 1462.
895 335 936 345 —
960 315 1010 378 19.
1034 304 1143 364 martii.

739 514 884 575 Andreas
915 534 1058 596 arcupar.

739 618 899 701 Georgius
922 621 1164 703 Zteclarychyn.

741 725 887 787 Thomas
912 725 1048 809 Glazyn.

736 832 898 894 lohannes
919 846 1017 895 sutor.

739 941 865 1001 Marcus
888 953 986 1002 sutor.

738 1046 913 1128 Gregorius
937 1059 1034 1108 sutor.

737 1153 862 1214 Blasius
886 1151 1035 1233 frenipar.

736 1259 919 1341 Stephanus
942 1273 1041 1320 autor.

738 1367 883 1427 Andreas
907 1364 1046 1447 frenipar
1075 1364 1267 1448 Zlcpchych.

739 1472 851 1533 Petrus
875 1472 1009 1533 institor.

738 1579 873 1661 Myklyn
897 1577 1047 1640 carnifex.

736 1685 831 1767 Elyas
855 1683 943 1746 fusor
967 1704 1205 1767 campanarum.

737 1792 862 1852 Laczko
891 1792 1066 1853 barberius.

737 1897 855 1958 Kelecz
879 1911 977 1960 sutor.

737 2002 900 2065 lohannes
924 2004 1097 2066 Werchelr.

378 2216 453 2277 ltem
477 2214 590 2297 prefati
616 2215 805 2276 Valentinus
830 2214 923 2291 iudex
941 2229 972 2276 et
989 2214 1080 2294 jurati
1106 2234 1141 2275 ac
1159 2214 1334 2276 consiliarii
1358 2233 1430 2275 cum
1455 2233 1531 2274 con·

269 2342 364 2384 sensu
399 2337 429 2384 et
461 2323 686 2383 commissione
721 2320 864 2382 unanimi
896 2335 927 2382 et
958 2320 1109 2382 concordi
1142 2321 1306 2382 voluntate
1339 2334 1370 2381 et
1401 2320 1529 2380 decreto

270 2429 372 2490 tocius
396 2429 635 2489 communitatis
660 2427 911 2488 omniadecreta
933 2440 964 2488 et
984 2440 1099 2487 statuta
1124 2441 1187 2487 tam
1213 2428 1244 2487 in
1270 2427 1407 2507 presenti
1433 2445 1529 2506 quam

270 2535 301 2594 in
316 2534 456 2615 antiquis
469 2534 626 2594 cathernis
647 2534 763 2594 nostris
787 2546 935 2594 contenta
953 2548 983 2594 et
1000 2534 1190 2614 conscripta,
1203 2533 1311 2614 quoad
1325 2552 1438 2593 omnes
1455 2533 1526 2592 arti-

269 2641 359 2701 culos
383 2655 414 2700 et
446 2655 561 2719 puncta
586 2659 621 2699 ac
646 2639 804 2699 clausulas
829 2639 1016 2699 eorumdem
1045 2653 1235 2700 statutorum
1268 2654 1297 2698 et
1329 2639 1529 2699 decretorum

270 2767 325 2828 per
350 2761 451 2807 totum
470 2766 589 2806 annum
609 2747 763 2827 presentis
792 2746 948 2820 judicatus
974 2746 1072 2826 ipsius
1095 2745 1385 2821 Valentiniiudicis
1410 2759 1440 2805 et
1457 2763 1531 2804 con-

269 2867 440 2933 sequenter
464 2866 494 2913 et
518 2853 669 2933 deinceps
693 2853 759 2931 jure
793 2867 947 2934 perpetuo
976 2867 1007 2912 et
1032 2850 1280 2912 irrevocabiliter
1303 2850 1532 2912 confirmarunt

269 2979 394 3041 semper
419 2960 553 3019 valitura
578 2973 609 3019 et
637 2959 767 3020 firmiter
792 2960 1001 3019 observanda.

419 3198 539 3268 Eadem
568 3197 651 3268 laria
682 3206 779 3268 serta
814 3208 887 3286 post
917 3197 1116 3267 dominicam
1146 3195 1378 3266 Reminisccre.

797 3365 859 3415 (10.
884 3353 1007 3411 martii).

375 3490 602 3559 ,ldjudicatum
628 3506 674 3550 est
700 3490 872 3550 l'alcntino
896 3490 1063 3570 blarrsych
1089 3488 1165 3549 feria
1184 3506 1269 3549 sexta
1295 3490 1439 3570 proxima
1457 3505 1527 3570 post

267 3611 411 3656 octavam
438 3595 554 3655 llascbe
580 3595 734 3655 solusmct
758 3596 796 3655 ad
823 3615 936 3654 uranus
962 3597 1055 3655 unius
1080 3596 1196 3663 :iurati‘
1223 3596 1323 3663 iurare
1357 3597 1528 3661 tenebitur,

270 3702 358 3783 quod
385 3704 450 3782 ipse
477 3702 572 3761 nichil
600 3702 774 3762 Benedicto
799 3701 961 3761 aurifabro
986 3703 1156 3780 obligatur.

377 3808 452 3868 ltem
488 3808 652 3867 Emericus
684 3806 904 3889 Sydotrchyclr
938 3824 1052 3867 octavo
1084 3808 1133 3867 die
1168 3807 1235 3867 festi
1271 3809 1530 3870 llesurreccionis

270 3913 400 3974 Domini
427 3927 535 3973 contra
563 3913 770 3973 llenedictum
796 3913 992 3973 aurifabrum
1021 3916 1050 3973 in
1076 3934 1127 3973 ara
1154 3928 1260 3974 sancte
1286 3914 1399 3974 Crucis
1425 3915 1526 3985 jurare

269 4019 428 4079 tenebitur
453 4021 579 4079 racione
614 4019 756 4098 dampni,
799 4020 886 4099 quoa
920 4036 1045 4079 secutus
1078 4036 1122 4079 cst
1156 4022 1281 4080 racione
1308 4022 1399 4080 vinee
1432 4039 1529 4100 quam

268 4125 344 4186 emit
368 4128 408 4185 ab
433 4125 547 4186 codem
577 4125 760 4191 llcncdicto,
786 4126 873 4204 quod
900 4145 1009 4204 passus
1038 4140 1082 4185 cst
1108 4142 1237 4205 propter
1263 4126 1401 4186 eundem
1430 4127 1529 4186 Benc-

268 4230 401 4305 dictum,
426 4231 513 4312 quod
540 4232 716 4312 dampnum
736 4231 812 4290 dum
840 4230 953 4295 iurabit
981 4233 1046 4311 ipsc
1067 4231 1258 4291 Benedictus
1283 4232 1388 4291 eidem
1406 4232 1530 4291 solvere

267 4339 445 4407 tenebitur;
470 4339 507 4397 de
541 4359 606 4418 qno
633 4337 752 4407 iudicio
786 4338 872 4397 idem
907 4336 1098 4397 Benedictus
1128 4358 1190 4397 non
1224 4354 1394 4398 contentus
1418 4338 1457 4398 ad
1484 4357 1529 4397 se-

268 4444 374 4504 niores
399 4443 519 4515 iudices
544 4444 727 4524 appellavit.

375 4569 450 4628 ltem
476 4570 506 4629 in
533 4588 626 4628 causa
653 4569 733 4627 inter
759 4567 893 4627 l‘aulum
920 4567 1102 4647 lagicbrcb
1128 4582 1157 4626 ct
1185 4567 1385 4628 :lntbonium
1411 4570 1528 4651 Opras·

268 4674 350 4756 nycb
376 4675 504 4735 racione
530 4674 660 4754 dampni
687 4693 742 4753 per
767 4675 866 4733 bores
889 4693 964 4733 suris
982 4674 1012 4732 in
1039 4672 1117 4733 silva
1143 4674 1285 4733 eiusdem
1312 4689 1343 4734 et
1367 4678 1528 4747 sessionis,

268 4779 352 4841 idem
371 4779 553 4841 Anthonius
577 4780 731 4841 solusmet
751 4781 781 4840 in
807 4800 859 4840 ara
877 4794 983 4841 sancte
1002 4779 1115 4841 Crucis
1133 4780 1233 4847 iurare
1252 4782 1423 4853 tenebitur,
1439 4784 1527 4864 quod
