3488 5272
238 367 254 429 3
261 367 301 428 50
642 354 728 410 Anno
751 349 846 430 1469.
866 386 910 396 -
932 367 963 429 4.
987 354 1096 413 martii.

237 561 443 643 jobagionem
454 563 612 646 Franych,
626 563 710 646 apud
725 583 821 644 quem
833 583 897 624 non
912 562 984 646 plus
997 563 1056 623 nisi
1071 562 1127 624 ΧΗ
1139 562 1261 623 solidos
1270 559 1394 622 acduas
1408 577 1503 640 quar·

236 683 284 731 tas
300 670 375 731 salis
392 671 521 753 recepit,
538 670 625 752 quod
643 670 688 731 sal
706 670 852 731 vendidit
868 671 1006 751 quedam
1032 669 1147 731 mulier
1171 674 1279 749 Agnes
1294 669 1353 728 sub
1378 665 1502 727 Zrinio.

344 777 422 839 ltem
448 778 532 839 idem
559 778 683 839 Blasius
707 776 808 839 lassus
837 777 868 838 in
899 790 1073 854 tormento,
1098 776 1187 857 quod
1219 772 1377 836 interfecit
1400 790 1502 834 unum

240 884 407 945 bominem
433 883 464 945 in
490 884 560 962 Pul,
577 899 607 946 et
632 884 744 946 habuit
767 884 889 945 socium
908 884 1082 964 quemdam
1098 882 1276 959 hominem,
1300 879 1385 961 apud
1403 897 1502 961 quern

240 1006 403 1071 receperat
426 991 499 1052 xvi
524 990 604 1068 flor,
629 992 684 1072 qui
709 990 809 1052 homo
834 989 893 1053 fuir
917 991 957 1052 de
980 991 1098 1052 tenutis
1122 990 1235 1051 Zadar.

347 1097 423 1159 ltem
451 1096 551 1159 lassus
575 1112 621 1158 est
645 1097 733 1179 quod
758 1098 877 1179 recepit
901 1100 941 1159 ab
966 1117 1028 1158 una
1046 1097 1181 1158 muliere
1205 1097 1236 1157 in
1263 1094 1320 1157 Pul
1345 1113 1419 1155 cum
1436 1112 1500 1174 qua

239 1203 404 1282 dormivit,
426 1218 500 1265 octo
525 1204 594 1266 flor.

345 1310 421 1372 ltcm
450 1309 551 1372 lassus
574 1324 621 1372 est
644 1310 732 1391 quod
757 1310 888 1371 dederat
912 1309 1017 1371 eidem
1036 1308 1203 1371 Anthonio
1227 1308 1317 1370 labro
1350 1307 1409 1368 XV
1432 1305 1503 1368 flor.

346 1417 421 1478 ltcm
448 1415 539 1493 jurati
565 1415 830 1489 adjudicaverunt
858 1417 889 1476 in
922 1414 1006 1477 lacto
1030 1415 1129 1498 ipsius
1163 1415 1258 1476 Blasii
1282 1413 1444 1475 homicide
1469 1426 1500 1475 et

242 1522 457 1584 malefactoris
482 1521 566 1597 juxta
591 1541 681 1582 suam
703 1522 865 1603 propriam
895 1520 1066 1583 laesionem
1092 1536 1123 1582 et
1147 1521 1361 1582 voluntariam
1386 1520 1502 1596 taliter,

240 1629 328 1710 quod
355 1629 422 1709 ipse
449 1629 574 1689 Blasius
598 1642 726 1709 propter
749 1648 805 1689 sua
830 1627 985 1690 maleficia
1009 1628 1140 1688 deberet
1171 1626 1262 1708 ligari
1294 1626 1333 1688 ad
1359 1625 1494 1687 caudam

241 1735 336 1795 unius
359 1735 434 1814 equi
459 1750 490 1795 et
514 1733 594 1794 trahi
628 1734 667 1794 de
700 1734 826 1795 civitate
850 1736 962 1795 subtus
994 1734 1173 1814 patibulum
1205 1732 1446 1796 communitatis
1470 1745 1501 1791 et

241 1841 360 1901 ibidem
395 1841 425 1900 in
458 1859 591 1921 corpore
623 1859 682 1900 suo
715 1838 821 1901 fractis
852 1860 908 1921 per
939 1854 1091 1900 tortorem
1124 1840 1270 1899 cruribus
1300 1839 1366 1898 suis
1400 1851 1432 1899 et
1462 1836 1503 1896 ad

240 1961 342 2007 rotam
368 1947 445 2027 porri
471 1946 570 2006 etsie
595 1961 732 2007 rotatum
759 1946 879 2008 ibidem
904 1966 1034 2007 manere
1051 1960 1151 2021 stare;
1176 1960 1206 2007 et
1230 1946 1305 2026 quia
1330 1963 1434 2025 equus
1450 1942 1505 2004 ha·

240 2052 307 2112 beri
333 2066 364 2112 et
389 2052 523 2112 ini-eniri
550 2071 614 2111 norr
641 2052 755 2133 potuit,
779 2051 853 2113 ideo
885 2053 952 2133 ipse
979 2052 1103 2113 Blasius
1133 2048 1321 2113 malefactor
1345 2049 1505 2110 admissus

240 2172 285 2217 est
309 2157 398 2218 solus
422 2158 550 2239 peditus
575 2157 619 2219 ire
644 2158 683 2217 ad
700 2172 866 2233 tortorem,
890 2173 919 2219 et
942 2156 1003 2218 hoc
1020 2158 1195 2218 admissum
1221 2172 1267 2218 est
1291 2155 1357 2217 lieri
1375 2170 1507 2237 propter

242 2267 436 2346 peticionem
464 2265 592 2326 Martini
619 2264 734 2337 iudicis
758 2279 788 2326 et
813 2266 932 2326 civium
958 2265 997 2326 de
1027 2265 1282 2346 Hrazthowycza
1308 2279 1438 2346 propter
1462 2263 1504 2323 si·

243 2372 352 2432 milem
379 2369 522 2431 levorem
548 2372 641 2431 nobis
665 2370 806 2431 tiendum
832 2386 863 2432 et
888 2371 1153 2453 impendendum.

350 2477 426 2538 ltem
460 2478 535 2557 quia
569 2477 713 2537 andreas
747 2477 942 2559 Sumunych
977 2478 1100 2558 pridem
1134 2476 1228 2553 judex
1261 2491 1292 2537 et
1324 2475 1509 2537 Anthonius

242 2584 351 2645 senior
376 2582 469 2655 iudex
488 2583 571 2642 dicte
588 2583 725 2644 civitatis
744 2597 853 2644 contra
871 2598 944 2644 octo
962 2584 1092 2658 iuratos,
1110 2583 1275 2644 videlicet:
1301 2580 1507 2663 Stephanych

242 2690 400 2751 decanum
425 2688 500 2749 anni
526 2689 665 2770 preteriti
690 2704 722 2750 er
744 2689 826 2749 alios
849 2708 924 2749 suos
951 2690 1119 2750 consocios
1142 2690 1247 2771 primo
1271 2689 1384 2749 citatus
1408 2687 1440 2747 in
1458 2686 1507 2765 ju·

243 2797 329 2856 dicio
354 2814 418 2854 non
445 2795 633 2875 comparuit.

350 2901 427 2961 ltem
454 2900 545 2969 iurati
571 2899 835 2967 adjudicaverunt
864 2900 895 2960 in
929 2899 1012 2962 lacto
1036 2901 1250 2981 percussionis
1283 2900 1410 2959 ,andree
1442 2919 1508 2959 sar·

244 3008 322 3068 toris
348 3027 402 3087 per
429 3007 569 3067 Blasium
596 3005 806 3087 ll'yrlresych.
831 3022 860 3067 et
886 3006 945 3066 hoc
963 3008 1185 3087 comprobarit
1210 3026 1265 3086 per
1288 3021 1394 3081 testes,
1418 3005 1507 3086 quod

245 3116 312 3193 ipse
338 3114 517 3172 vulneravit
542 3125 571 3171 et
590 3113 767 3171 cruentavit
794 3113 896 3191 ipsum
917 3114 1090 3179 Anilrcaut.
1115 3132 1255 3192 proquo
1278 3113 1444 3172 convictus
1461 3126 1509 3173 est

245 3221 311 3299 ipse
338 3219 460 3278 tursius
483 3233 592 3277 cotnra
619 3218 722 3297 ipsum
756 3218 918 3277 :lndream
944 3220 975 3277 in
1008 3219 1119 3297 rigimi
1153 3220 1296 3299 quinque
1323 3218 1431 3297 pensis
1453 3216 1508 3277 de·

246 3326 409 3383 uariorum
436 3338 465 3383 et
493 3324 601 3385 iuratis
625 3341 680 3380 seu
705 3323 929 3382 conrnmnitati
948 3324 978 3382 in
1004 3324 1148 3403 quinque
1174 3326 1289 3403 pensis.
1316 3323 1393 3384 ltem
1418 3325 1508 3404 quod

245 3432 311 3511 ipse
339 3430 481 3487 :lrrtlreas
504 3444 548 3488 est
583 3447 750 3508 percussus
782 3428 813 3485 in
839 3441 920 3487 terra
955 3430 1052 3507 ipsius
1078 3430 1204 3490 lrrdrce
1236 3446 1266 3489 er
1291 3431 1454 3505 clamarit,
1478 3445 1509 3490 et

245 3536 411 3617 proposuit
430 3549 539 3593 contra
558 3534 661 3613 ipsum
681 3533 874 3612 potenciam,
893 3534 923 3592 iu
947 3552 1012 3611 quo
1029 3536 1193 3593 corruimus
1210 3552 1255 3595 est
1273 3551 1384 3595 contra
1402 3536 1508 3616 ipsum

247 3640 406 3700 Andream
433 3642 464 3698 iit
490 3640 601 3698 decem
627 3638 742 3697 turreis
763 3638 977 3697 denariorum.

472 3877 617 3942 Saliustii
647 3876 800 3959 prosumo
829 3888 906 3943 note
939 3874 1136 3945 dominicam
1166 3877 1268 3948 ocuti.

795 4040 811 4083 ,¹
850 4040 976 4083 rerem.

355 4167 430 4225 ltcm
456 4186 584 4225 crimem
610 4180 689 4223 truci·
716 4164 849 4221 Paulum
875 4168 1071 4222 atterrabtum
1097 4182 1125 4223 ct
1151 4167 1338 4229 coniciunt
1366 4171 1510 4245 Rausar,

249 4278 279 4334 iu
307 4272 390 4333 lucto
415 4291 507 4330 <susc
533 4291 607 4347 quat
634 4288 699 4347 mse
723 4270 845 4325 linum:
877 4268 1014 4327 eundem
1035 4270 1166 4329 Fauian*
1186 4275 1343 4352 allegabat
1368 4296 1436 4337 esse
1463 4279 1510 4338 in-

248 4380 374 4440 lideleru
401 4392 429 4435 et
463 4377 624 4435 trienium
657 4390 712 4431 :oti
747 4388 966 4431 corrrirruuetaz·
1001 4376 1081 4431 dicte
1118 4395 1160 4431 cti
1183 4394 1252 4436 :rt-s
1284 4400 1320 4439 et
1346 4401 1386 4441 eo
1419 4384 1509 4462 quod

249 4486 423 4563 nurl'ugersr
450 4482 487 4539 tic
515 4502 579 4559 :psi
610 4494 736 4541 <triante
771 4492 913 4536 ternpore
947 4496 1099 4536 cerintum
1130 4481 1224 4547 sire,
1257 4504 1354 4563 qnam
1378 4508 1509 4549 causam

250 4592 342 4657 iurati
359 4588 594 4649 arlitrtlrcermrz,
618 4588 693 4663 tritis
720 4602 784 4659 ipse
804 4582 931 4640 lienem·
951 4600 1137 4643 enutrissem
1162 4606 1194 4645 se
1216 4592 1426 4665 contrastare
1451 4612 1511 4673 per

250 4710 345 4757 1081?ss
369 4708 398 4753 et
424 4710 487 4749 mxu
514 4690 616 4765 ponti}
650 4688 872 4763 ωιῃῖἱωΝΝ,
903 4702 931 4747 <l
958 4700 1015 4745 luti
1047 4704 1209 4749 <nuncius
1234 4710 1343 4754 <Olim
1367 4698 1511 4761 eundem

253 4804 285 4863 pn
310 4798 426 4863 ,muln
450 4813 546 4875 quam
572 4810 699 4853 terrram
725 4792 791 4871 ipse
815 4790 985 4851 (ottradus
1018 4792 1140 4851 lleiiser
1170 4797 1209 4855 sel
1235 4816 1293 4857 uos
1315 4802 1437 4865 scilicet
1460 4824 1510 4866 se·
