3488 5272
237 309 279 388 46
599 309 798 384 Ann01452.
824 340 864 350 -
888 320 939 384 24.
967 306 1138 368 novembris.

239 521 309 603 ipso
335 519 492 581 Michaele
517 538 655 601 precone
687 533 816 602 propter
848 519 1092 581 matrimonium
1124 518 1263 601 separari
1288 519 1380 581 nullo
1403 517 1503 582 modo

238 626 353 709 potuit,
378 625 417 687 de
436 625 563 687 civitate
581 624 722 708 predicta
748 638 778 687 et
795 625 863 686 eius
883 625 1045 688 territorio
1063 625 1148 686 exire
1165 639 1196 686 et
1214 625 1246 686 in
1271 624 1402 686 exilium
1419 623 1503 687 mitti

238 731 361 810 debuit,
385 743 421 792 ut
444 731 484 793 de
509 747 615 794 cetero
640 744 672 793 et
694 751 751 813 per
774 731 913 813 amplius
942 731 1008 812 ipse
1036 730 1172 793 Michael
1198 750 1271 792 cum
1296 730 1379 792 dicta
1405 749 1503 791 uxore

238 857 294 900 sua
320 856 378 899 nec
402 837 499 900 simul
524 856 582 898 nec
606 838 777 919 separatim
802 836 842 898 ad
860 837 1020 899 civitatem
1046 852 1077 898 et
1101 838 1170 899 eius
1186 836 1382 900 territorium
1407 835 1503 898 debe-

239 945 319 1005 bunt
343 963 444 1025 usque
469 943 509 1004 ad
527 957 664 1006 mortem
690 962 804 1006 eorum
823 945 952 1022 intrare,
976 944 1074 1026 quisi
1101 943 1132 1005 in
1151 944 1217 1026 ipsa
1237 943 1363 1006 civitate
1388 942 1505 1005 eteius

239 1049 400 1112 territorio
424 1050 563 1132 repperti
589 1063 620 1110 et
644 1050 764 1112 inventi
796 1048 924 1128 fuerint,
955 1049 1041 1131 juxta
1066 1069 1179 1112 eorum
1210 1049 1364 1111 demerita
1387 1067 1505 1130 penam

238 1176 337 1239 quam
361 1155 589 1233 demeruerint,
613 1169 861 1237 consequentur.

347 1264 425 1327 Item
449 1264 525 1345 quia
551 1262 649 1324 Lucia
673 1262 800 1341 mulier,
818 1260 883 1323 iilia
908 1262 1048 1323 condam
1064 1262 1146 1324 Petri
1165 1262 1241 1324 dicti
1266 1263 1407 1345 Byskup,
1425 1280 1504 1323 uxor

240 1370 361 1433 Vrbani
386 1368 575 1452 Petrenych,
607 1369 640 1430 in
673 1367 844 1431 manifesto
873 1366 959 1429 furtu
990 1388 1143 1430 aucarum
1167 1383 1198 1430 et
1231 1369 1364 1430 aliarum
1397 1387 1503 1430 rerum

239 1489 386 1559 repperta
410 1488 441 1538 et
465 1475 594 1537 inventa
619 1488 665 1537 est
682 1473 862 1552 manifeste,
879 1493 942 1555 que
960 1475 1034 1537 licet
1058 1495 1116 1558 pro
1141 1475 1211 1557 ipso
1233 1495 1291 1537 suo
1316 1474 1503 1537 huiusmodi

239 1582 325 1644 furtu
349 1581 501 1664 suspendi
519 1581 693 1659 debuisset,
709 1595 816 1642 tamen
843 1581 918 1663 quia
937 1601 995 1663 pro
1013 1581 1125 1642 eadem
1144 1582 1279 1643 muliere
1298 1582 1328 1642 in
1355 1581 1505 1643 conubis

237 1690 453 1772 supplicatum
472 1700 519 1750 est
542 1688 722 1770 perplures
745 1689 864 1769 probos
894 1700 925 1749 et
944 1687 1097 1749 honestos
1120 1689 1205 1750 viros
1229 1702 1263 1750 ut
1286 1689 1347 1750 sibi
1362 1688 1503 1769 graciam

238 1809 269 1858 et
294 1794 546 1856 misericordiam
571 1791 673 1854 iacere
706 1793 908 1872 deberemus,
942 1794 1081 1875 ideoque
1115 1794 1438 1873 noscommisimus,
1469 1806 1504 1854 ut

239 1901 307 1983 ipsa
332 1900 430 1962 Lucia
455 1900 571 1962 mulier
601 1900 640 1960 de
673 1913 779 1962 cetero
810 1913 842 1963 et
865 1920 921 1981 per
954 1900 1093 1982 amplius
1117 1902 1156 1962 ad
1188 1901 1348 1962 civitatem
1374 1913 1405 1962 et
1436 1900 1504 1961 eius

238 2007 434 2069 territorium
459 2006 575 2067 intrare
600 2025 665 2067 non
690 2006 815 2084 debeat,
840 2026 902 2088 que
928 2006 953 2067 si
980 2007 1011 2067 in
1045 2007 1171 2069 civitate
1197 2021 1227 2068 et
1251 2007 1320 2068 eius
1344 2006 1503 2068 territorio

240 2112 379 2195 amplius
403 2125 549 2195 repperta
574 2111 679 2191 fuerit,
696 2112 781 2193 juxta
807 2133 863 2175 sua
888 2113 1041 2174 demerita
1057 2133 1176 2194 penam
1195 2133 1293 2194 quam
1311 2111 1504 2173 demeruerit

237 2233 462 2300 consequetur.

292 2418 389 2492 Feria
417 2431 515 2492 sexta
544 2425 700 2511 proxima
727 2431 805 2492 ante
837 2420 960 2492 fesium
999 2423 1094 2492 beate
1128 2420 1311 2510 Eiyzabeth
1339 2422 1450 2493 vidue.

730 2554 794 2634 (17.
819 2554 1006 2625 novembris).

345 2677 421 2738 item
447 2677 593 2760 Mathyas
617 2676 757 2738 carnifex
783 2692 891 2739 contra
918 2678 1097 2740 iohannem
1123 2678 1305 2739 carnificem
1330 2677 1434 2759 primo
1459 2676 1501 2738 ci·

238 2798 322 2847 tatus
347 2804 410 2846 non
437 2784 626 2867 comparuit.

344 2892 421 2953 item
447 2892 621 2974 Dyonisius
646 2892 820 2976 Wodopya
853 2907 962 2954 contra
995 2893 1163 2954 Nicolaum
1197 2907 1338 2954 sutorem
1363 2892 1502 2973 juratum

238 2999 270 3060 in
304 3000 409 3081 primo
445 2998 564 3078 judicio
598 2999 741 3079 proxime
773 2999 952 3061 occurrenti
986 2999 1027 3059 ad
1059 3000 1207 3060 acciones
1239 3019 1311 3059 suas
1342 2997 1504 3059 tenebitur

238 3105 441 3186 respondere.

343 3210 421 3272 item
447 3210 577 3270 Rawsar
594 3210 688 3291 judex
714 3225 823 3273 contra
842 3211 1007 3273 Thomam
1030 3211 1169 3292 juratum
1188 3213 1380 3272 modernum
1398 3211 1503 3293 primo

238 3317 351 3378 citatus
375 3336 439 3377 non
465 3318 655 3398 comparuit.

345 3423 422 3484 Item
449 3423 601 3485 Nicolaus
626 3439 656 3485 et
681 3424 864 3485 Anthonius
888 3441 1011 3486 sutores
1029 3441 1136 3486 contra
1161 3425 1352 3506 Dyonisium
1378 3425 1502 3486 Wodo·

240 3531 291 3610 pia
317 3531 355 3591 ad
388 3531 535 3591 acciones
568 3545 599 3592 ct
630 3531 872 3611 propositiones
896 3551 968 3591 suas
1002 3533 1032 3592 in
1069 3532 1174 3614 primo
1206 3531 1326 3611 judicio
1359 3531 1502 3612 proxime

241 3636 418 3696 occurrenti
444 3639 638 3697 tenebuntur
663 3638 867 3718 respondere.

240 3833 336 3907 Feria
365 3845 461 3908 sexta
492 3839 644 3926 proxima
673 3847 751 3908 ante
789 3839 910 3908 festum
950 3840 1045 3908 beate
1085 3838 1267 3909 detherine
1298 3843 1440 3927 virginis
1469 3850 1502 3912 et

717 3965 872 4032 martiris
901 3961 1035 4032 Christi.

733 4112 798 4192 (24.
824 4114 1009 4193 novembris).

349 4235 425 4296 item
452 4235 597 4319 Mathyas
623 4237 761 4298 carnifex
795 4254 903 4299 contra
937 4238 1115 4300 iohannem
1148 4241 1329 4302 carnificem
1361 4245 1503 4306 secundo

241 4341 355 4404 citatus
379 4361 444 4403 non
470 4345 659 4424 comparuit.

348 4446 426 4509 Item
450 4448 581 4510 Rawsar
599 4448 769 4511 Conradus
786 4449 879 4529 judex
898 4467 1008 4512 contra
1027 4451 1186 4513 Thomam
1205 4453 1343 4532 juratum
1360 4457 1502 4519 secundo

241 4553 354 4616 citatus
377 4572 442 4616 non
471 4556 660 4636 comparuit.

348 4658 424 4721 Item
451 4660 544 4741 jurati
577 4661 840 4741 adjudicaverunt
866 4682 993 4722 causam
1025 4664 1106 4725 inter
1138 4665 1313 4748 Symonem
1339 4685 1502 4748 carpenta·

244 4765 327 4827 rium
352 4779 383 4826 et
407 4765 580 4828 Matrinum
605 4766 744 4847 judicem
770 4767 904 4830 infacto
927 4783 1071 4849 segetum
1097 4771 1128 4832 in
1155 4770 1234 4835 facie
1258 4786 1340 4836 terre
1365 4777 1501 4838 condam
