3488 5272
238 310 300 372 280
602 312 688 368 Anno
711 308 803 388 1465.
829 344 869 353 -
894 305 925 369 8.
952 308 1121 369 novembres.

238 524 316 585 labri
342 525 420 585 olim
446 523 561 603 judicis
585 538 615 583 et
639 523 781 584 concivis
806 522 916 599 nostri,
942 536 976 582 ut
993 522 1024 581 in
1042 541 1172 583 causam
1197 535 1357 603 attractos,
1375 524 1509 587 racione

236 632 401 691 cuiusdam
428 630 544 691 domus
569 630 600 689 in
626 630 710 689 dieta
747 629 874 689 civitate
907 628 1025 704 habite,
1050 647 1107 709 per
1137 628 1257 707 juratos
1288 629 1509 709 adjudicatam

237 754 266 799 et
291 739 330 798 ad
357 758 415 798 nos
439 738 580 797 seniores
603 736 726 815 judices
754 755 810 816 per
843 734 1036 795 blichaelem
1069 734 1172 796 filium
1198 738 1341 799 annotati
1366 738 1509 801 condam

237 844 360 905 Nicolai
398 842 570 920 aurifabri,
604 842 764 901 seniorem
802 840 929 902 fratrem
967 854 997 901 et
1034 856 1276 921 procuratorem
1314 845 1508 906 eorumdem

236 950 444 1032 appellatam,
469 949 522 1009 ubi
549 968 607 1008 nos
631 948 773 1008 seniores
798 948 919 1026 judices
943 946 1103 1028 prelatum
1122 948 1315 1011 Michaelem
1338 950 1509 1033 appellan-

237 1070 300 1117 tem
324 1076 359 1116 ae
385 1054 514 1115 tandem
540 1055 706 1114 dominam
732 1069 866 1113 matrem
900 1074 937 1113 ac
964 1054 1163 1135 Stephanum
1189 1067 1220 1116 et
1246 1055 1432 1117 Ladislaunr
1458 1057 1508 1139 ju·

237 1165 343 1224 niores
367 1162 477 1223 fratres
501 1162 647 1222 eiusdem
675 1160 840 1221 Michaelis
865 1161 963 1220 nostri
990 1160 1021 1219 in
1051 1160 1195 1222 medium
1221 1162 1329 1223 venire
1354 1161 1505 1241 fecimus,

237 1291 318 1351 quos
343 1290 401 1330 nos
426 1270 620 1329 unanimiter
646 1268 914 1346 interrogavimus
943 1282 972 1327 et
991 1268 1256 1346 examinavimus,
1282 1281 1315 1330 ut
1338 1270 1363 1330 si
1390 1270 1449 1351 ipsi
1468 1270 1507 1331 li·

238 1393 319 1438 teras
344 1376 559 1457 expeditorias
592 1376 641 1435 vel
667 1388 763 1434 testes
795 1387 848 1434 aut
881 1374 942 1433 alia
974 1373 1155 1454 probabilia
1181 1374 1374 1437 documenta
1407 1376 1507 1440 habe·

238 1500 316 1561 rent,
342 1485 459 1564 quibus
493 1482 709 1541 mediantibus
742 1482 808 1560 ipse
841 1480 994 1540 Nicolaus
1027 1480 1187 1543 aurifaber
1223 1482 1303 1563 Elye
1329 1482 1433 1544 ludeo
1466 1484 1507 1545 de

237 1590 391 1671 peccunia
417 1590 476 1648 sibi
509 1608 604 1669 super
638 1588 743 1647 literas
775 1601 804 1646 et
837 1606 931 1667 super
965 1587 1064 1646 domo
1097 1588 1210 1647 eadem
1235 1587 1340 1649 eidem
1366 1589 1504 1651 Nicolao

238 1696 457 1771 accomodata,
481 1716 516 1754 ar:
543 1715 599 1775 pro
625 1692 832 1752 edificacione
857 1693 964 1751 totalis
996 1693 1140 1752 eiusdem
1166 1693 1283 1753 domus
1306 1692 1500 1757 satisfaccio-

239 1824 311 1861 nem
347 1802 469 1861 l'ecisset
495 1816 524 1859 et
558 1800 752 1879 impedisset,
784 1799 822 1858 ael
849 1798 936 1879 quorl
971 1799 1037 1877 ipse
1071 1799 1208 1859 Michael
1234 1819 1269 1860 ac
1294 1800 1425 1861 domina
1451 1822 1499 1861 re·

238 1909 320 1979 licta,
353 1928 409 1968 nee
443 1926 506 1967 non
533 1906 713 1985 Stephanus
745 1919 774 1965 et
802 1904 967 1963 ladislaus
993 1902 1048 1963 lilii
1084 1904 1182 1984 ipsius
1207 1905 1345 1967 condam
1370 1906 1498 1969 Nicolai

238 2013 388 2073 aurifabri
414 2033 508 2093 super
533 2012 694 2092 premissis
719 2012 823 2071 nullas
849 2010 953 2070 literas
978 2010 1191 2090 expeditorias
1216 2031 1251 2072 ac
1275 2025 1370 2072 testes
1386 2032 1497 2074 coram

239 2122 330 2180 nobis
356 2120 531 2201 producere
558 2140 620 2178 non
656 2118 835 2193 valuerunt,
868 2118 926 2176 nisi
961 2117 1047 2196 quod
1081 2116 1185 2177 solum
1220 2104 1332 2179 eadem
1366 2118 1501 2181 domina

239 2229 336 2285 verlur
362 2247 468 2286 rorum
495 2227 587 2285 nobis
612 2226 717 2284 dicere
736 2224 907 2301 habuisset,
932 2222 1019 2304 quod
1045 2224 1122 2284 ilum
1141 2224 1207 2304 ipsa
1233 2224 1364 2285 domina
1390 2224 1503 2287 relicta

152 2352 155 2357 ·
239 2334 337 2412 ipsius
363 2333 485 2392 Nicolai
513 2348 581 2412 post
609 2332 711 2411 ipsum
732 2332 901 2390 Nicolaum
921 2331 958 2389 de
985 2331 1066 2389 dicta
1093 2331 1219 2390 civitate
1236 2331 1408 2409 transisset,
1428 2346 1505 2393 tunc

240 2440 305 2520 ipsa
331 2441 434 2499 eirlem
463 2440 559 2518 Flree
587 2439 689 2497 ¹ludeo
716 2438 843 2496 rarione
877 2457 970 2496 usure
996 2438 1034 2495 atl
1070 2438 1168 2516 ipsam
1195 2438 1328 2498 domum
1352 2458 1406 2498 sert
1431 2438 1502 2501 flor.

239 2546 305 2604 auri
333 2546 528 2619 restituisset,
555 2560 583 2603 et
609 2544 683 2623 quia
710 2544 748 2602 uil
774 2544 887 2602 scitum
915 2558 1057 2601 nostrum
1080 2558 1110 2602 et
1135 2543 1238 2603 tucius
1263 2545 1507 2605 communitatis

240 2652 322 2712 dirte
348 2653 483 2711 civitatis
510 2651 574 2731 ipse
609 2651 705 2729 lilius
738 2650 857 2709 liniens
891 2670 990 2727 usque
1022 2650 1060 2708 ad
1094 2650 1312 2711 exclusionem
1338 2664 1368 2711 et
1393 2651 1505 2732 expul-

239 2760 363 2817 sionem
390 2759 487 2837 ipsius
516 2778 569 2835 per
595 2757 730 2815 cunilam
759 2756 899 2815 l'lrirum
920 2757 1068 2815 crrtrtltettt
1095 2757 1179 2815 (Iilie
1205 2757 1244 2817 de
1269 2757 1352 2817 dieta
1378 2757 1505 2819 civitate

240 2863 364 2929 lactum,
391 2866 419 2922 iu
439 2866 549 2923 eudem
577 2864 674 2921 ilnmn
694 2862 822 2942 prteilice
849 2862 1053 2921 iulruhitusset
1079 2878 1107 2921 et
1127 2863 1261 2923 curtilem
1286 2880 1506 2927 conservasset

240 2992 274 3028 ae
302 2971 406 3029 literas
431 2986 459 3029 et
487 2970 618 3029 literali-a
639 2970 846 3027 instrumenta
867 2967 983 3027 lurtum
1009 2970 1090 3028 iliete
1110 2970 1225 3027 domus
1243 2970 1410 3047 taupencia
1429 2991 1504 3051 erga

239 3098 270 3134 se
297 3078 467 3145 habuisset,
495 3078 632 3153 iile-nque
663 3096 720 3133 uns
754 3076 927 3153 predictum
963 3075 1239 3145 ruljrnlieuciouent
1277 3096 1331 3156 per
1364 3076 1505 3157 prefatos

241 3182 358 3249 iuratus
384 3184 509 3241 tutione
536 3184 687 3261 premisse
714 3182 829 3239 ilonrus
863 3182 943 3239 inter·
969 3198 1070 3260 partes
1105 3182 1262 3261 pteilirtas
1288 3182 1401 3242 laetam
1427 3203 1503 3244 eon·

240 3288 435 3347 lirinus-imus
468 3306 494 3346 er
530 3290 762 3351 ruboratiruus.
792 3288 831 3347 ile
866 3308 926 3365 qun
962 3288 1091 3365 nullent
1127 3288 1369 3355 utlitulicacinne
1396 3304 1502 3350 nostra

239 3395 357 3453 scilieet
389 3396 549 3453 seniorunt
588 3396 727 3453 italicum
763 3404 901 3473 pre-tutus
937 3394 1070 3453 ¹ilitlruel
1113 3395 1196 3453 lilius
1235 3396 1332 3474 ipsius
1365 3395 1502 3456 condam

241 3501 363 3559 Nicolai
383 3502 532 3559 aruilslur
561 3502 589 3558 in
616 3522 670 3559 sua
697 3521 730 3559 uc
749 3516 868 3579 pretate
887 3500 1016 3557 ilorttiue
1036 3500 1143 3558 urutris
1169 3516 1196 3559 et
1224 3498 1353 3560 fratrum
1371 3521 1502 3561 suorum

240 3608 385 3687 personis
408 3628 478 3665 eum
507 3608 595 3665 rurali
631 3628 684 3665 sun
720 3608 797 3665 serie
826 3608 854 3663 iu
890 3608 1008 3665 turiani
1037 3608 1120 3683 regie
1157 3608 1328 3666 llaiestatis
1354 3628 1501 3669 necnon

240 3714 434 3794 prelatorum
462 3732 487 3771 et
517 3716 672 3773 lutrmuuu
701 3715 786 3791 regni
816 3713 978 3789 llunpsrie
1010 3714 1039 3771 in
1075 3714 1270 3792 presenciam
1298 3714 1500 3793 appellasset,

240 3822 357 3899 quibus
389 3822 531 3899 partibus
564 3841 621 3877 uns
653 3821 824 3876 terminum
860 3839 965 3877 eruunt
1002 3819 1112 3878 saniem
1149 3822 1233 3895 regist
1270 3820 1431 3879 hluiestate
1465 3842 1501 3881 ae

241 3928 447 3985 dominorum
474 3928 668 4006 prelatorum
695 3940 721 3981 et
751 3928 905 3983 lurronunr
934 3926 1020 3999 regui
1049 3926 1211 4001 lluugarie
1237 3926 1432 3985 tricesimum
1451 3948 1498 3987 se·

239 4032 382 4091 curidum
417 4034 501 4091 «lietu
535 4046 603 4111 post
638 4032 824 4089 descensum
858 4032 903 4089 sui
939 4034 1094 4089 esereitus
1128 4032 1250 4090 {uniter
1275 4032 1432 4107 herulum,
1466 4034 1495 4093 iu

240 4140 375 4199 enrrilem
402 4140 521 4197 stiriam
548 4139 665 4215 regium
692 4138 840 4195 «lusimus
867 4138 1085 4217 preligenilum
1112 4154 1352 4215 congruentem.
1381 4139 1496 4201 llntum

240 4246 338 4305 tercio
353 4246 403 4304 die
418 4246 467 4303 rtet
483 4244 735 4317 ailjurlienciuuis
750 4244 889 4321 prerlicte
902 4265 986 4303 aurio
1004 4244 1131 4303 lluntiui
1149 4246 1356 4305 ,ttritjrltllh
1375 4248 1499 4325 spriritu.

268 4412 360 4483 laria
391 4428 485 4483 sexta
515 4418 666 4501 protinas
698 4430 769 4499 post
801 4416 920 4483 lestuur
951 4416 1037 4485 beuti
1069 4416 1227 4485 lennnnli
1259 4417 1471 4487 errrrlessnris.

730 4550 777 4610 (Ν,
802 4550 985 4613 rrnrvvulvr'sl.

345 4670 419 4729 lrem
449 4669 558 4729 l'aleez
590 4670 629 4729 tle
663 4670 803 4731 llahuch.
838 4672 979 4732 criticis-is
1012 4686 1128 4745 noster,
1159 4686 1268 4732 contra
1295 4674 1495 4736 Anthonium

240 4778 427 4859 (lprnsnvch
446 4778 610 4835 concivem
630 4792 772 4838 nostrum
791 4778 981 4839 secundario
999 4781 1111 4841 citurus
1128 4781 1158 4839 iu
1178 4778 1297 4847 iudicio
1323 4802 1385 4843 non
1412 4802 1498 4843 cnm·

239 4886 344 4969 paruit
368 4902 476 4945 coram
502 4884 603 4945 nobis.
