3488 5272
625 347 711 404 Anno
736 345 825 422 1476.
850 379 891 388 —
915 343 966 407 26.
995 347 1110 420 aprilis.

705 557 817 619 Petrus
845 556 994 637 lapicida.

707 663 832 725 Blasius
856 660 1005 745 frenipar.

709 771 831 852 Symon
858 770 995 852 Banycz.

706 877 874 938 Emeticus
897 877 1039 957 sellipar.

708 983 819 1044 Petrus
842 995 941 1044 sutor.

708 1088 861 1150 Nicolaus
885 1088 1043 1171 Vitesycz.

706 1193 843 1255 Mathias
867 1193 1018 1256 carnifex.

708 1298 822 1362 Gallus
845 1312 945 1362 sutor.

707 1406 845 1467 Michael
871 1405 1011 1467 famulus
1036 1406 1156 1488 Bexyn.

707 1511 868 1592 Georgius
896 1524 985 1572 sutor
1010 1511 1207 1594 Katbanycz.

707 1620 834 1680 Marcus
859 1633 957 1681 sutor.

707 1724 867 1806 Georgius
894 1740 993 1787 sutor.

704 1831 815 1893 Petrus
840 1831 1040 1914 Bedekoycz.

704 1939 835 1999 Kirinus
860 1938 1067 2020 Hatesichyn.

706 2043 867 2106 lohannes
890 2045 1040 2126 agricola.

707 2150 883 2231 Gregorius
908 2149 1050 2234 pellifex.

705 2257 858 2318 Nicolaus
883 2257 1027 2319 Cheden.

347 2405 422 2463 ltem
448 2400 561 2483 prefati
585 2399 720 2461 Mathias
745 2399 838 2478 iudex
871 2415 901 2460 et
926 2400 1017 2480 jurati
1051 2420 1085 2461 ac
1111 2401 1285 2463 consiliarii
1318 2419 1389 2462 curn
1425 2421 1503 2463 eon·

238 2531 332 2571 sensu
358 2524 387 2570 et
405 2509 629 2569 commissione
655 2507 799 2567 unanimi
825 2521 854 2568 et
879 2508 1030 2568 concordi
1056 2508 1221 2570 voluntate
1247 2522 1277 2569 et
1301 2508 1430 2570 decreto
1454 2522 1504 2570 to·

239 2618 305 2677 cius
330 2615 568 2676 communitatis
594 2615 701 2673 omnia
735 2613 860 2673 decreta
886 2629 915 2674 et
947 2627 1061 2674 statuta
1085 2628 1149 2676 tarn
1178 2615 1208 2675 in
1234 2615 1372 2697 presenti
1404 2634 1502 2697 quarn

239 2725 268 2782 in
295 2723 435 2801 antiquis
460 2720 619 2781 ltatltcrnis
644 2721 758 2781 nostris
782 2734 930 2781 contenta
960 2736 990 2781 ct
1015 2722 1141 2802 scripta,
1165 2722 1272 2802 quoad
1291 2741 1404 2782 omnes
1427 2722 1502 2784 arti·

238 2830 328 2889 culos
353 2844 382 2887 et
414 2843 530 2908 puncta
556 2843 584 2887 et
611 2827 768 2887 clausulas
801 2829 988 2888 eorumdem
1022 2842 1211 2888 statutorum
1245 2841 1275 2888 et
1299 2827 1508 2889 decretorum.

239 2956 293 3015 per
318 2950 419 2995 totum
446 2954 564 2994 annunt
584 2934 738 3014 presentis
755 2933 912 3011 judicatus
930 2934 1028 3015 ipsius
1054 2934 1171 2994 blathie
1197 2934 1310 3015 judicis
1338 2948 1368 2994 et
1391 2953 1501 2995 conse·

237 3055 371 3121 quanter
404 3056 432 3099 et
466 3041 616 3120 deinceps
648 3040 713 3119 jure
747 3054 901 3121 perpetuo
931 3056 960 3100 et
991 3040 1240 3101 irrevocabiliter
1272 3038 1502 3102 confirmarunt

237 3167 362 3227 semper
388 3148 521 3207 valitura
547 3162 576 3206 et
601 3145 732 3205 lirmiter
761 3147 970 3207 observanda.

306 3346 401 3418 lesia
432 3362 526 3417 sexta
557 3346 708 3434 proxima
736 3356 809 3433 post
840 3347 961 3417 festum
991 3348 1078 3417 beati
1109 3347 1240 3437 Georgii
1270 3347 1433 3419 martiris.

754 3496 818 3570 (26.
843 3500 969 3571 aprus).

346 3643 421 3701 ltem
449 3661 576 3701 causam
612 3642 691 3700 inter
724 3639 902 3700 ,lobanncm
937 3640 1080 3722 l’eroyca
1112 3655 1142 3701 et
1168 3642 1371 3703 Domkonem
1397 3641 1498 3704 filium

239 3748 381 3807 eiusdem
410 3746 529 3817 iudices
554 3761 808 3826 prorogaverunt
833 3746 871 3805 ad
900 3743 1042 3807 futurum
1068 3749 1207 3828 primum
1233 3748 1399 3827 judicium,
1424 3750 1500 3829 quia

240 3854 400 3912 loltannes
427 3854 567 3934 l‘eroycz
594 3853 787 3932 presentabit
819 3854 1059 3915 attestacionem
1091 3854 1296 3915 literatotiam
1323 3874 1378 3936 per
1402 3874 1498 3935 quam

239 3959 421 4037 judicabant
447 3959 567 4035 iudices
592 3978 719 4018 causam
747 3960 827 4019 inter
853 3961 949 4041 ipsos.

346 4064 421 4125 ltem
448 4066 477 4124 in
504 4085 596 4125 causa
624 4065 703 4124 inter
731 4064 943 4126 Laurencium
963 4067 1080 4148 Spotar
1105 4082 1135 4127 et
1161 4067 1294 4127 l'aulum
1314 4067 1500 4149 lagathycz,

240 4171 435 4230 laurencius
459 4172 576 4251 Spornr
602 4171 705 4252 primo
731 4184 760 4229 et
785 4172 928 4232 secundo
953 4173 1067 4234 citatus
1092 4192 1155 4232 non
1182 4174 1371 4253 comparuit.

345 4276 420 4336 ltem
455 4297 509 4356 per
541 4277 780 4338 attestacionem
814 4276 1050 4356 lieledignorum
1085 4294 1115 4338 et
1148 4281 1323 4358 proborum
1357 4280 1498 4339 virorum

240 4383 393 4441 discretus
419 4383 465 4440 tir
499 4383 650 4442 dominus
683 4381 829 4443 Matheus
861 4383 1017 4463 plebanus
1049 4384 1181 4444 ecclesie
1214 4385 1312 4445 sancti
1340 4385 1436 4444 Marci
1470 4398 1500 4444 et

239 4486 400 4545 lohannes
426 4488 583 4569 l⁴‘raylycz
608 4503 681 4548 sunt
706 4488 851 4568 legittinti
886 4504 1070 4550 executores
1098 4491 1277 4550 testamenti
1303 4492 1403 4571 probe
1429 4509 1498 4550 rnu-

239 4592 325 4652 lieris
349 4592 484 4652 condam
512 4594 592 4653 Nesa
619 4594 709 4653 aliter
734 4598 842 4674 Agnes
866 4607 988 4672 vocate,
1018 4595 1126 4656 relicte
1152 4596 1288 4657 condam
1315 4596 1399 4658 Galli
1426 4597 1499 4657 olli·

238 4700 331 4780 paris,
356 4699 395 4759 ad
421 4700 529 4759 omnia
559 4701 642 4759 bona
675 4719 729 4759 sua
756 4719 819 4780 que
851 4700 989 4762 vendere
1022 4715 1052 4762 et
1076 4721 1236 4783 exponere
1271 4700 1409 4763 habeant
1441 4721 1498 4785 pro

237 4807 342 4867 anima
368 4827 423 4868 sua
449 4807 493 4868 uti
519 4806 596 4889 ipsis
619 4807 822 4869 commiserat
851 4808 918 4891 ipsa
943 4812 1061 4889 Agnes.
