3488 5272
612 311 812 392 Ann01467.
838 348 880 358 -
903 317 934 378 6.
959 316 1127 376 novembris.

240 527 368 604 buisset,
393 526 481 607 quod
501 526 566 607 ipsa
592 526 766 588 audivisset
790 527 878 607 quod
897 526 1001 608 ipsum
1026 526 1251 589 molendinum
1275 527 1404 607 triginta
1421 526 1508 589 duo·

239 635 298 695 bus
321 633 389 695 flor.
416 633 484 693 auri
509 633 750 714 inpignoratam
769 631 889 710 fuisset,
911 648 941 692 et
958 633 1045 713 quod
1072 633 1103 693 in
1121 645 1240 694 sortem
1265 634 1510 714 redempcionis

238 739 425 801 eorumdem
443 738 623 800 molendini
641 754 672 801 et
695 753 850 800 terrarum
874 753 904 800 et
925 740 1017 800 vinee
1034 740 1115 801 Pero
1133 740 1265 802 maritus
1289 740 1388 822 ipsius
1406 743 1504 801 Anne

238 848 278 908 ab
302 847 417 908 eodem
436 845 570 907 domino
596 845 690 906 Petro
707 846 934 907 archidiacono
951 846 1091 907 sedecim
1109 845 1179 909 flor.
1204 847 1406 928 percepisset,
1424 865 1505 908 ocu·

239 954 326 1016 latim
352 953 492 1031 vidisset,
531 952 570 1012 de
595 952 727 1034 reliquis
760 972 835 1013 vero
859 952 999 1014 sedecim
1033 952 1102 1014 flor.
1128 953 1207 1031 auri,
1233 973 1315 1035 quos
1338 953 1508 1014 lohannes

239 1059 334 1123 irater
359 1059 502 1120 eiusdem
528 1058 664 1120 condam
691 1059 772 1119 Pero
796 1059 913 1120 habere
942 1059 1114 1136 debuisset,
1138 1059 1163 1119 si
1189 1059 1295 1121 eidem
1319 1059 1414 1121 soluti
1436 1057 1506 1122 lue·

239 1181 312 1227 runt
337 1185 401 1226 non
427 1164 557 1225 vidisset
579 1184 636 1224 nec
669 1164 859 1240 audivisset;
893 1162 1034 1245 prelatus
1057 1185 1133 1226 vero
1165 1165 1319 1227 Nicolaus
1343 1165 1504 1226 molendi·

239 1288 330 1334 nator
354 1271 458 1332 taliter
483 1268 583 1331 lassus
605 1267 727 1346 fuisset,
752 1270 839 1350 quod
866 1271 933 1351 ipse
951 1270 1055 1351 ipsum
1080 1271 1305 1332 molendinum
1330 1270 1505 1332 abeodem

238 1378 376 1440 condam
402 1377 496 1437 Petro
522 1377 713 1437 Tewtonico
744 1376 897 1437 tenuisset
925 1390 955 1436 et
987 1377 1161 1438 audivisset
1186 1378 1387 1455 multociens,
1413 1378 1505 1459 quod

241 1484 344 1566 ipsum
372 1483 596 1543 molendinum
621 1496 651 1543 et
675 1497 757 1544 terre
781 1483 909 1563 triginta
934 1483 1016 1543 duos
1039 1482 1109 1546 flor.
1133 1485 1202 1544 auri
1227 1497 1418 1547 constarent.

350 1605 427 1667 ltem
461 1626 589 1667 causam
623 1607 704 1667 inter
734 1606 931 1687 Stephanum
968 1606 1115 1689 plathnar
1146 1622 1177 1669 et
1208 1608 1328 1669 Lucam
1361 1623 1505 1670 sutorem

246 1714 372 1775 racione
398 1712 633 1774 interl'eccionis
657 1713 792 1773 duarum
817 1732 968 1774 aucarum
1001 1734 1057 1795 per
1080 1713 1184 1795 ipsum
1211 1714 1331 1775 Lucam
1356 1712 1505 1775 interlec-

240 1835 356 1897 tarum,
381 1820 447 1900 ipse
482 1820 583 1880 Lucas
615 1820 769 1881 solusmet
800 1820 903 1898 jurare
936 1821 1096 1881 tenebitur
1128 1819 1207 1881 seria
1238 1833 1324 1881 serta
1357 1821 1505 1902 proxime

239 1941 383 2002 ventura,
407 1926 495 2006 quod
522 1927 588 2007 ipse
621 1927 652 1986 in
677 1947 736 1986 suo
769 1927 910 2007 dampno
942 1926 1070 1987 easdem
1098 1946 1193 1988 aucas
1227 1926 1445 2003 interfecisset,
1473 1942 1505 1987 et

240 2032 327 2114 quod
355 2032 420 2113 ipse
446 2033 573 2092 easdem
599 2051 693 2092 aucas
717 2051 775 2112 pro
800 2051 831 2091 se
864 2031 998 2091 retinere
1024 2032 1139 2110 noluit,
1171 2032 1225 2093 sed
1251 2033 1379 2094 easdem
1405 2031 1505 2109 judici

242 2151 423 2220 presentare
449 2137 561 2214 voluit,
586 2137 618 2197 in
643 2157 695 2197 ara
719 2151 825 2198 sancte
843 2136 956 2198 Crucis
982 2138 1013 2197 in
1038 2138 1171 2198 ecclesia
1196 2153 1302 2200 nostra
1327 2138 1504 2221 parochiali

240 2258 346 2305 sancte
372 2245 469 2304 Marci
496 2243 701 2324 ewangeliste
727 2244 889 2324 deponere
914 2244 1092 2317 tenebitur;
1118 2258 1148 2306 et
1173 2245 1249 2305 dum
1275 2245 1401 2324 jurabit,
1426 2258 1505 2305 tunc

242 2352 308 2432 ipse
334 2351 515 2432 Stephanus
549 2351 579 2410 in
605 2370 664 2411 suo
698 2350 839 2432 dampno
871 2352 1082 2432 permanebit,
1115 2365 1145 2412 et
1177 2352 1202 2411 si
1237 2371 1312 2427 non,
1337 2365 1411 2411 tunc
1438 2351 1505 2431 ipse

241 2458 368 2518 easdem
394 2477 488 2517 aucas
513 2456 618 2518 eidem
645 2456 808 2536 Stephano
832 2457 955 2516 solvere
981 2458 1149 2519 tenebitur.

322 2694 416 2766 Faria
446 2705 541 2766 sexta
574 2698 726 2783 proxima
765 2705 837 2783 post
873 2697 993 2766 lestttm
1032 2694 1120 2765 beati
1150 2692 1289 2765 Emerici
1319 2692 1423 2773 ducis,

677 2819 825 2906 proxime
854 2819 1065 2908 preteritum.

750 2991 793 3061 (ό.
818 2990 1002 3057 anmnlris).

351 3152 426 3211 ltem
453 3152 527 3230 qnia
547 3151 707 3210 lohannes
726 3150 880 3231 lltralrch
899 3151 1012 3227 dictus,
1038 3165 1145 3210 contra
1170 3150 1303 3209 l‘aulum
1324 3149 1505 3230 lagycltych

244 3259 367 3333 citatus,
394 3258 423 3316 in
450 3257 570 3336 judicio
596 3277 659 3316 non
686 3258 864 3338 comparuit
890 3278 996 3316 coram
1023 3257 1126 3317 nobis.

351 3382 425 3441 ltem
453 3382 526 3460 quia
554 3380 735 3461 Stephanus
762 3379 899 3440 carnilex
925 3383 1033 3462 Zarlrn
1059 3381 1171 3455 dictus,
1197 3395 1305 3441 contra
1332 3381 1504 3441 discretum

246 3489 349 3547 virum
376 3488 543 3547 dominnm
571 3488 769 3547 Demetrium
795 3488 995 3567 capellanum
1030 3506 1065 3546 ac
1098 3502 1299 3547 executorem
1327 3487 1505 3547 testamenti

246 3595 382 3655 condant
411 3593 541 3652 labium
569 3594 687 3673 magni,
713 3593 915 3674 carpentarii,
944 3594 1071 3654 racione
1098 3593 1294 3673 recepcionis
1319 3593 1458 3652 caulium
1477 3606 1506 3653 et

246 3701 380 3760 aliarum
406 3699 673 3759 seminaturarum
701 3701 729 3758 in
766 3699 882 3778 (hlorto
916 3700 1014 3780 ipsius
1048 3700 1209 3780 Zarlronis
1233 3720 1287 3779 per
1312 3700 1415 3779 ipsum
1449 3697 1507 3757 Fa·

248 3807 379 3866 bianum
404 3806 633 3865 seminatorum
652 3818 682 3865 et
707 3805 745 3864 od
765 3806 868 3886 ipsum
887 3806 1055 3865 dominnm
1077 3806 1273 3866 Demetrium
1292 3805 1507 3881 dimissarum,

248 3913 351 3993 primo
378 3925 508 3970 vocatus
533 3925 561 3970 et
587 3911 812 3990 proclamatus,
845 3912 1034 3992 quiquidem
1061 3912 1169 3993 Zaylto
1199 3911 1295 3970 nostri
1323 3911 1351 3969 in
1379 3930 1506 3991 presen-

248 4019 328 4079 ciam
356 4037 419 4077 non
446 4018 531 4077 venit
557 4037 613 4077 nec
639 4018 762 4077 mittere
789 4018 919 4078 curavit.

355 4142 430 4202 ltem
457 4141 531 4220 quia
550 4141 675 4220 providi
695 4141 751 4200 viri
780 4142 895 4201 lielecz
920 4158 1019 4217 sutor,
1037 4141 1218 4201 hntltonius
1238 4142 1345 4220 Segin,
1360 4142 1523 4219 lacobus,¹

250 4262 383 4322 sutoreS,
408 4261 438 4306 et
465 4247 599 4306 blathias
631 4247 732 4306 lotraz
765 4246 877 4315 dictus,
904 4262 1087 4307 executores
1117 4248 1211 4307 lllasii
1239 4247 1507 4329 (Ihu'datrchych,

249 4353 370 4415 Mathia
397 4353 534 4413 Barbato
559 4367 673 4434 patruo
708 4354 851 4413 eiusdem
887 4354 981 4413 lilasii
1008 4355 1047 4414 de
1080 4355 1230 4415 unrnibus
1262 4355 1377 4413 debitis
1410 4356 1509 4436 ipsius

249 4461 385 4521 condam
413 4460 507 4519 Blasii
542 4474 571 4520 et
604 4461 700 4541 patris
731 4461 777 4519 sui
812 4459 1033 4519 omnimodam
1066 4459 1206 4521 fecerunt
1243 4460 1508 4538 satisfaccionem,

251 4566 388 4646 ideoque
415 4565 545 4626 eosdem
572 4566 712 4626 reddidit
736 4566 856 4645 quittos
881 4585 987 4625 coram
1013 4567 1115 4626 nobis.

355 4670 430 4731 ltem
456 4672 530 4751 quia
555 4692 685 4731 consors
710 4672 861 4752 Stephani
891 4670 1037 4751 plathnar
1069 4686 1177 4731 contra
1205 4673 1321 4732 Lucam
1354 4688 1508 4734 sartorem

250 4778 354 4858 primo
379 4779 471 4838 citata
499 4799 561 4839 non
588 4780 767 4861 comparuit
791 4798 898 4838 coram
925 4779 1027 4839 nobis.
