3488 5272
242 332 308 394 430
610 316 697 372 Anno
720 325 809 391 1473.
834 349 877 357 —
901 333 932 390 p.
956 314 1123 373 novembris.

347 524 424 584 110111
450 525 562 585 eadem
590 544 667 584 uxor
686 524 765 606 Elye
789 544 847 605 pro
866 545 904 585 eo
934 525 1021 605 quod
1040 528 1195 606 vituperia
1214 546 1321 588 coram
1341 527 1505 607 Stephano

238 629 386 710 sellipare
424 631 527 710 jurato
560 650 655 711 supet
687 630 822 690 eandem
855 632 1013 711 Agatham
1048 631 1182 710 fecisset,
1216 648 1262 694 est
1290 632 1435 693 convicta
1472 632 1504 692 111

239 737 376 816 birsagio
403 736 432 796 in
461 738 585 797 duabus
611 735 724 796 marcis
748 736 966 797 denariorum.

345 843 421 904 ltem
448 863 540 903 causa
567 844 648 903 inter
673 843 814 902 blasium
842 843 1018 904 institorem
1045 858 1075 904 et
1094 843 1290 905 Dorotheam
1317 843 1415 905 filiam
1442 844 1504 905 Va·

239 948 349 1010 lentini
377 949 521 1009 Marisicz
547 949 673 1008 racione
699 949 847 1030 vituperii
873 965 919 1011 est
953 949 1145 1028 adjudicate,
1171 964 1204 1010 ut
1230 951 1313 1010 dicta
1339 950 1502 1011 Dorothea

239 1054 302 1116 lilia
343 1055 502 1115 Valentini
538 1056 683 1115 Marisicz
718 1075 774 1135 pro
807 1075 856 1133 eu,
889 1057 963 1136 quia
997 1057 1117 1117 dietum
1152 1057 1293 1119 blasium
1326 1058 1503 1118 institorem

238 1162 385 1222 homines
410 1162 526 1222 Tuscis
551 1161 733 1222 vendidisse
766 1163 967 1242 appellasset,
993 1163 1080 1222 XXV
1116 1182 1236 1222 mareas
1261 1162 1424 1224 exsolvere
1449 1163 1504 1223 de·

238 1270 322 1345 beat,
347 1284 401 1330 aut
425 1270 448 1329 si
484 1269 611 1328 easdem
644 1268 733 1328 XXV
766 1287 887 1327 martas
920 1268 1124 1328 denariorum
1160 1289 1223 1330 non
1256 1269 1397 1345 haberet,
1428 1283 1505 1330 tunc

238 1375 307 1455 ipso
334 1375 416 1435 facto
442 1374 585 1455 linguam
612 1375 756 1434 amittere
782 1374 907 1435 debeat.

345 1482 420 1541 ltem
446 1478 523 1541 feria
549 1496 634 1541 sexta
660 1482 803 1560 proxima
829 1495 899 1561 post
925 1479 1040 1541 festum
1063 1480 1181 1542 Pasche
1207 1481 1339 1542 Domini
1358 1482 1503 1563 proxime

237 1589 396 1668 preterita,
430 1601 573 1667 tempore
606 1587 668 1665 jam
704 1586 824 1666 elapsu,
856 1586 987 1667 quidam
1022 1588 1140 1647 nobilis
1173 1587 1219 1646 vir
1253 1587 1371 1647 Paulus
1395 1587 1505 1648 Tbaar

237 1694 314 1753 alias
341 1694 532 1753 castellanus
554 1695 584 1752 111
605 1693 705 1774 lecz
723 1707 752 1752 et
770 1691 841 1753 aliis
859 1694 967 1752 castris
985 1693 1016 1752 in
1035 1692 1190 1753 Casuaria
1222 1692 1359 1754 debebat
1372 1693 1503 1753 XXVfll

238 1801 337 1860 boves
371 1799 500 1860 Matheo
533 1799 644 1859 sartori
677 1799 785 1878 generi
819 1798 955 1858 condam
989 1799 1117 1858 Andree
1150 1798 1346 1880 Symunoicz
1378 1798 1502 1859 concivi

239 1921 359 1983 nostro,
384 1925 465 1986 quos
490 1906 574 1965 idem
600 1903 722 1986 prefato
749 1905 849 1965 Paulo
877 1905 1073 1986 persolverat
1090 1925 1197 1966 coram
1222 1906 1356 1966 domino
1383 1905 1503 1966 Mathia

241 2012 381 2094 plebano
407 2012 538 2073 ecclesie
564 2013 647 2072 beati
674 2012 784 2089 Marci,
808 2012 981 2073 Valentino
1014 2012 1165 2073 Saronicz
1191 2011 1287 2089 dicto,
1312 2012 1430 2072 seniori
1456 2011 1504 2091 ju·

238 2119 320 2195 dice,
346 2118 509 2198 Stephano
527 2117 621 2178 fratre
647 2117 769 2178 domini
795 2118 922 2198 plebani
942 2118 1087 2198 predicti,
1113 2118 1222 2178 Marco
1248 2117 1314 2178 filio
1339 2117 1503 2178 Valentini

237 2224 363 2304 judicis,
388 2226 521 2305 predicti
547 2224 671 2305 judicis,
705 2238 735 2284 et
761 2224 853 2284 Petro
879 2225 946 2305 Kys
977 2224 1073 2301 dicto,
1100 2224 1153 2304 qui
1189 2238 1345 2305 protunc
1370 2222 1504 2285 fuitca-

238 2331 385 2412 pellanus
410 2331 440 2390 iu
469 2331 617 2415 Kreysicz
648 2331 853 2411 postmodum
881 2329 940 2391 fuit
958 2331 1143 2411 capellanus
1168 2331 1199 2390 iu
1219 2331 1355 2410 Segnia3
1372 2330 1503 2390 tandem

239 2452 309 2517 post
349 2451 483 2497 mortem
518 2437 592 2497 dicti
627 2437 715 2497 Pauli
748 2435 856 2496 Thaar
896 2434 992 2496 frater
1025 2437 1167 2496 eiusdem
1212 2436 1361 2497 videlicet
1394 2437 1505 2497 Petrus

237 2542 326 2602 Thar
351 2544 505 2604 miserunt
537 2543 618 2603 duos
649 2564 724 2604 suos
757 2541 928 2603 familiares
953 2543 1106 2623 speciales
1138 2543 1331 2623 requirendo
1356 2543 1501 2624 precium

237 2649 394 2711 dictorum
422 2653 541 2711 bovum
568 2651 598 2709 in
625 2650 699 2709 sede
725 2665 831 2709 nostra
856 2670 872 2708 a
894 2650 1038 2730 predicto
1057 2650 1186 2732 Matbpa
1207 2665 1338 2727 sartore,
1362 2649 1417 2711 sed
1436 2650 1503 2731 ipse

238 2755 373 2816 Mathias
399 2756 584 2817 testimonio
611 2756 825 2836 predictorum
859 2757 987 2815 testium
1021 2756 1244 2837 comprobavit
1276 2775 1383 2816 coram
1410 2755 1504 2815 nobis

237 2862 268 2922 in
294 2862 366 2921 sede
393 2878 498 2922 nostra
532 2862 619 2941 quod
654 2861 814 2942 predictos
839 2862 938 2921 boves
971 2861 1176 2942 persolvisset
1209 2862 1369 2921 antedicto
1403 2861 1503 2921 Paulo

239 2968 346 3028 Tbaar
374 2969 480 3049 quoad
507 2970 638 3049 plenum
665 2983 693 3027 et
720 2969 749 3027 in
776 2982 856 3045 toto,
882 2969 966 3027 unde
992 2989 1027 3028 ex
1057 2968 1351 3049 superhabundauti
1377 2967 1503 3046 adjudi-

238 3089 342 3133 catum
370 3074 429 3134 fuit
454 3075 558 3134 eidem
586 3075 715 3154 Matbya
741 3075 852 3134 sartori
887 3074 1048 3154 deponere
1074 3074 1289 3153 jurameutum
1316 3074 1346 3133 itt
1375 3076 1503 3155 propria

237 3201 371 3262 persona
397 3195 519 3240 tantum
546 3180 633 3259 quod
652 3180 811 3260 predictos
846 3183 944 3240 boves
971 3181 1112 3261 plenarie
1138 3181 1341 3261 persolvisset
1372 3181 1503 3240 tandem

237 3287 320 3346 idem
357 3287 491 3346 Mathias
524 3301 624 3345 sartor
657 3286 731 3344 feria
759 3301 843 3345 sexta
877 3288 1022 3366 proxima
1055 3287 1214 3346 antedicto
1249 3287 1348 3346 Paulo
1375 3287 1500 3361 Tbaar;

237 3394 290 3452 sed
318 3392 377 3450 hiis
403 3391 541 3472 prefatus
569 3393 678 3452 l‘etrus
704 3392 812 3451 'lhaar
838 3413 900 3451 11011
928 3407 1106 3468 contentus,
1138 3393 1346 3473 personaliter
1372 3395 1503 3455 veniens

239 3499 335 3557 1105111
364 3499 393 3556 111
428 3499 623 3577 presenciam
659 3498 687 3556 in
719 3498 826 3557 sedem
862 3513 1001 3558 nostram
1036 3500 1222 3579 predictam,
1256 3513 1349 3559 testes
1374 3498 1448 3559 fecit
1472 3514 1502 3559 et

238 3605 393 3684 compulit
419 3626 453 3662 ex
481 3604 775 3684 strperlrabundanti
803 3604 964 3684 deponere
983 3605 1197 3683 juramentum
1217 3626 1312 3686 super
1329 3607 1501 3686 premissis,

238 3713 291 3791 qui
319 3711 491 3791 supradicti
518 3725 611 3770 testes
636 3731 742 3770 eoram
770 3713 862 3770 nobis
888 3710 958 3769 fassi
983 3727 1066 3786 sunt,
1091 3712 1177 3791 quod
1204 3709 1342 3791 prefatus
1367 3713 1502 3772 Mathias

239 3838 344 3878 coram
374 3818 448 3897 ipsis
473 3817 635 3876 antedicto
663 3817 761 3876 l'aulo
784 3818 850 3876 Tar
868 3818 1039 3897 premissos
1065 3820 1163 3877 boves
1180 3819 1274 3898 plene
1298 3818 1502 3899 persolvisset

238 3939 267 3984 et
292 3924 514 3983 omnimodam
549 3923 803 3983 satisfaccionem
839 3924 1044 4003 inpendisset,
1078 3926 1175 3984 etsie
1207 3926 1367 4005 predictus
1392 3925 1502 3985 Petrus

238 4031 304 4089 Tar
330 4029 423 4089 frater
447 4030 590 4088 eiusdem
619 4030 706 4088 l'auli
734 4049 840 4089 coram
867 4030 959 4088 nobis
984 4028 1140 4110 prefatum
1168 4031 1319 4091 Mathiam
1345 4048 1499 4092 sartorem

237 4137 365 4195 racione
392 4133 585 4215 prefatorum
615 4138 732 4194 bovum
759 4136 898 4195 reddidit
923 4137 1048 4215 quitum
1075 4151 1104 4196 et
1129 4139 1324 4217 expeditum.

264 4374 357 4445 feria
391 4380 494 4446 tercia
526 4381 679 4464 proxima
709 4387 788 4447 aute
817 4378 937 4447 festum
978 4377 1062 4447 beati
1094 4377 1228 4448 Martini
1260 4378 1471 4449 confessoris.

736 4533 782 4604 (9.
807 4530 990 4607 rtuvertrbrr's).

344 4669 419 4729 ltem
446 4690 537 4730 causa
572 4690 633 4749 que
667 4674 856 4732 movebatur
890 4672 969 4732 inter
1004 4673 1136 4733 l'aulum
1170 4689 1334 4750 sartorem,
1359 4676 1398 4735 ab
1425 4694 1497 4752 una,

237 4791 267 4839 et
292 4777 493 4838 Anthonium
520 4777 697 4838 institorem
716 4779 841 4840 racione
860 4779 1022 4840 literarum
1048 4780 1190 4841 civilium
1210 4781 1363 4863 ipsorum,
1381 4782 1497 4864 quibus
