3488 5272
246 350 304 412 130
584 334 670 390 Anno
693 345 781 409 1457.
808 368 847 375 —
882 330 929 395 16.
953 332 1129 408 septembris.

930 440 957 445 --
975 440 1011 445 —-
1064 441 1067 445 -
1090 440 1266 445 —--—
1284 440 1509 449 ——--.—...

240 544 356 604 mentis
389 542 556 625 freniparis
587 544 759 621 subtraxit,
793 544 866 604 ideo
900 545 1004 627 ipsum
1037 564 1132 627 super
1165 543 1373 628 depositione
1408 545 1514 629 ipsius

240 648 412 729 juramenti
437 649 637 711 reddidimus
661 648 729 710 fore
754 651 948 731 expeditum.

267 866 363 939 Feria
391 878 488 941 sexta
517 874 669 959 proxima
690 877 766 960 post
794 871 916 941 testum
944 868 1175 943 Exaltaeionis
1204 878 1322 944 sancte
1350 870 1481 947 Crucis.

735 1020 798 1100 (16.
823 1024 1006 1099 septembris).

346 1163 423 1224 Item
455 1164 530 1243 quia
564 1164 661 1224 Lucia
694 1163 810 1224 mulier
840 1163 948 1224 relicta
981 1163 1120 1225 condam
1153 1164 1332 1225 Sebastiani
1367 1166 1503 1245 sutoris,

240 1289 323 1331 nunc
360 1290 491 1330 consors
528 1270 681 1350 legittima
715 1270 893 1331 Clementis
928 1270 1074 1331 similiter
1106 1270 1240 1349 sutoris,
1271 1269 1329 1333 filii
1361 1272 1505 1335 condam

241 1376 370 1458 llathye
396 1375 589 1457 Kusychych
614 1376 653 1435 de
679 1376 781 1436 insula
816 1375 974 1457 lu'anych,
1008 1376 1038 1436 id
1065 1396 1139 1437 cum
1164 1374 1335 1439 sufficienti
1368 1391 1400 1439 et
1424 1376 1505 1441 fide-

239 1484 339 1563 digno
364 1494 547 1542 nostrorum
572 1483 754 1542 concivium
789 1482 975 1543 testimonio
1001 1481 1098 1543 hodie
1132 1484 1163 1543 in
1189 1482 1265 1544 sede
1290 1496 1397 1545 nostra
1420 1482 1507 1565 judi·

239 1590 335 1649 ciaria
360 1588 443 1649 clare
468 1589 689 1669 comprobavit
714 1608 821 1648 coram
846 1589 950 1665 nobis,
976 1602 1011 1650 ut
1028 1589 1106 1650 dum
1129 1588 1272 1671 prefatus
1297 1590 1507 1653 Sebastianus

239 1710 328 1755 sutor
353 1696 384 1755 in
410 1696 558 1755 extremis
583 1696 645 1755 vite
663 1716 718 1755 sue
741 1696 929 1775 temporalis
947 1695 1131 1775 laborasset,
1156 1709 1232 1757 tunc
1257 1696 1324 1778 ipse
1349 1695 1504 1759 directam

241 1815 271 1862 et
297 1802 444 1882 equalem
479 1802 684 1863 medietatem
717 1801 882 1862 cuiusdam
909 1802 1025 1861 domus
1056 1816 1085 1863 et
1110 1800 1201 1862 fundi
1226 1822 1262 1863 ac
1285 1801 1405 1863 cellarii
1429 1804 1504 1864 sub·

239 1907 374 1968 terranei
401 1920 430 1967 et
454 1906 677 1968 hedificiorum
704 1908 734 1967 in
761 1907 844 1967 dicta
870 1908 995 1968 civitate
1021 1908 1103 1968 inter
1128 1908 1262 1969 domum
1287 1920 1445 1970 muratam
1472 1922 1505 1970 et

240 2014 376 2075 fundum
404 2033 438 2074 ac
463 2012 587 2073 edificia
614 2013 813 2092 Margaretlre
847 2014 990 2074 mulieris
1016 2014 1123 2074 relicte
1157 2014 1294 2075 condam
1319 2014 1411 2075 Pauli
1435 2014 1502 2075 ceci

238 2143 254 2181 a
281 2122 459 2181 meridiane
485 2136 516 2181 et
541 2122 622 2181 inter
647 2120 780 2180 macella
807 2136 912 2179 nostre
935 2122 1177 2182 communitatis
1201 2121 1364 2181 mediante
1387 2120 1502 2183 semita

238 2228 402 2287 communi
429 2226 534 2287 habite
560 2242 590 2287 et
614 2227 787 2303 existentis,
810 2228 996 2307 porcionem
1023 2227 1173 2287 videlicet
1197 2228 1297 2308 ipsius
1322 2227 1502 2289 Sebastiani

239 2334 365 2407 sutoris,
391 2354 485 2393 unam
512 2334 661 2394 videlicet
694 2347 839 2413 quartam
875 2348 905 2393 et
934 2334 1073 2395 mediam
1106 2348 1251 2395 octavam
1278 2334 1310 2395 in
1334 2354 1368 2395 se
1400 2334 1502 2396 conti-

239 2456 379 2518 nentem,
405 2460 477 2500 curn
502 2442 566 2499 suis
592 2440 784 2500 utilitatibus
802 2454 832 2499 et
853 2441 1057 2519 pertinenciis
1075 2441 1231 2501 universis
1256 2439 1376 2524 prefate
1401 2440 1501 2502 Lucie

241 2548 366 2607 mulieri
393 2560 548 2626 protunc
574 2566 628 2605 sue
647 2546 785 2605 consorti
811 2546 980 2624 legavisset
999 2547 1066 2625 jure
1092 2559 1248 2627 perpetuo
1273 2544 1501 2627 possidendam

238 2668 267 2713 et
280 2652 587 2733 quomodocumque
606 2652 743 2712 voluerit
760 2652 992 2731 disponendam
1012 2666 1096 2731 Juxta
1114 2652 1338 2713 condicionem
1362 2652 1501 2713 civitatis

238 2774 413 2839 prenotate,
440 2758 579 2838 ideoque
604 2778 662 2817 nus
687 2758 822 2817 eandem
849 2759 1053 2819 medietatem
1088 2758 1187 2840 ipsius
1211 2759 1328 2818 domus
1352 2770 1383 2819 et
1407 2754 1500 2819 fundi

238 2886 273 2925 ac
299 2865 405 2925 celarii
432 2866 628 2925 subterranei
654 2883 690 2923 ac
716 2864 927 2941 edificiorum,
963 2864 1295 2945 porcionem'scilicet
1321 2864 1420 2945 ipsius
1446 2863 1502 2926 Se·

238 2972 371 3031 bastiani
398 2972 524 3045 sutoris,
551 2990 645 3029 unam
673 2984 706 3029 ut
723 2970 897 3049 predicitur
919 2986 1066 3049 quartani
1084 2986 1113 3030 et
1138 2971 1278 3031 mediam
1304 2985 1450 3031 octavam
1470 2971 1501 3032 in

239 3098 270 3135 se
297 3080 525 3149 corrrineatenr,
551 3098 621 3135 curn
642 3078 705 3135 suis
728 3078 918 3137 utilitatibus
943 3092 972 3136 et
990 3078 1195 3158 pertinenciis
1221 3078 1376 3137 universis
1394 3076 1501 3138 eidem

245 3184 341 3243 lucie
356 3184 480 3243 mulieri
498 3184 620 3243 concivi
637 3198 741 3242 nostre
760 3184 928 3243 statuimus
942 3200 971 3243 et
990 3183 1250 3243 confirmavimus
1264 3184 1330 3259 iure
1345 3198 1501 3263 perpetuo

243 3306 273 3349 et
300 3290 549 3349 irrevocabiliter
574 3290 799 3368 possidendam
826 3302 856 3349 et
890 3290 1197 3369 quomodocumque
1229 3289 1367 3349 voluerit
1391 3289 1499 3371 dispo-

240 3398 378 3454 nendarn
402 3396 484 3469 iuxta
504 3396 678 3475 predictam
698 3395 921 3455 condicionem
942 3396 1077 3455 civitatis
1094 3411 1259 3477 prenotate
1274 3395 1501 3477 supradictam.

346 3520 420 3579 ltetn
454 3520 528 3598 quia
563 3520 687 3579 llarcus
718 3518 855 3579 carnifex
892 3518 975 3579 iilius
1000 3520 1135 3579 condam
1171 3519 1301 3599 Georgii
1344 3518 1503 3581 carnificis

238 3626 313 3685 dicti
341 3626 483 3705 (iyrrralr,
509 3626 650 3684 cnrrtieis
683 3638 799 3699 noster,
834 3625 864 3684 id
894 3645 966 3685 cunr
1000 3625 1168 3685 sullicienti
1194 3641 1224 3686 et
1248 3626 1412 3705 fidedigno
1444 3646 1502 3687 no·

239 3747 374 3791 strorum
401 3732 581 3791 concivium
608 3732 793 3791 testimonio
820 3734 849 3791 in
876 3732 950 3793 sede
972 3747 1078 3792 nostra
1102 3732 1269 3811 judiciaria
1295 3732 1391 3793 hodie
1417 3733 1500 3794 clare

238 3839 460 3917 comprobarit
494 3858 599 3897 carram
635 3838 737 3907 uobis,
765 3854 797 3897 ut
830 3839 906 3897 durn
938 3838 1071 3917 provida
1105 3838 1241 3898 condam
1267 3840 1383 3899 rnulier
1415 3838 1501 3899 :ltl'ra

239 3962 361 4011 vocaret,
388 3944 494 4003 relicta
527 3946 662 4003 condam
699 3946 806 4003 ¹iacobi
843 3944 999 4003 carnilicis
1029 3944 1179 4025 primum,
1214 3960 1244 4005 et
1268 3945 1396 4005 tandem
1423 3964 1502 4005 uxor

239 4052 393 4129 legittima
421 4052 518 4129 ipsius
545 4052 640 4109 llarci
667 4050 822 4110 carnilicis
848 4052 878 4110 in
912 4052 1061 4111 extremis
1086 4052 1147 4110 vite
1174 4071 1229 4111 sue
1254 4051 1440 4131 temporalis
1459 4052 1502 4111 la·

238 4156 396 4231 intrasset,
421 4170 496 4215 tunc
533 4157 597 4235 ipsa
631 4158 793 4235 tqrtarrdarn
830 4158 954 4217 vineam
988 4176 1077 4217 suam
1112 4157 1142 4215 in
1176 4158 1334 4217 territorio
1367 4158 1503 4218 civitatis

239 4262 319 4321 iuter
352 4264 476 4321 vineant
514 4262 676 4322 llenedicti
713 4262 923 4343 ix'usilou'ych
953 4284 970 4323 a
1002 4264 1182 4323 meridione
1208 4278 1236 4322 et
1262 4264 1342 4323 inter
1375 4264 1501 4323 vineam

240 4366 391 4447 Stephani
418 4370 533 4427 sartoris
557 4390 573 4427 a
607 4371 833 4448 septemtrione
868 4370 1019 4447 habitam,
1052 4370 1189 4449 desuper
1219 4390 1234 4429 a
1261 4370 1311 4429 via
1336 4370 1501 4429 communi

239 4488 268 4533 et
294 4474 372 4533 inira
400 4494 499 4553 usque
518 4475 657 4534 rivulum
683 4496 714 4533 se
741 4477 977 4552 externlentem,
1003 4474 1125 4557 prefato
1146 4476 1252 4536 llarco
1277 4474 1415 4536 carnifici
1442 4493 1500 4556 pro

238 4594 313 4639 tunc
340 4582 407 4640 siro
432 4600 490 4639 suo
516 4582 674 4659 legittimo
699 4600 737 4641 eo
770 4582 869 4641 ruodo
902 4581 1037 4659 legasset
1062 4596 1092 4642 et
1127 4582 1301 4642 dimisisset
1333 4582 1399 4657 jure
1432 4600 1501 4662 per-

240 4703 336 4765 petuo
362 4688 588 4767 possidendam
624 4701 653 4747 et
687 4688 995 4768 quomodocumque
1028 4688 1163 4749 voluerit
1189 4688 1435 4769 disponendam,
1468 4701 1502 4748 ut

241 4794 306 4873 ipse
332 4794 439 4855 debita
464 4794 563 4874 ipsius
588 4792 673 4853 sitire
705 4792 849 4855 mulieris
879 4792 965 4873 juxta
990 4813 1082 4876 posse
1107 4814 1200 4855 suum
1234 4794 1414 4875 persolvere
1447 4793 1501 4855 de·
