3464 5266
608 331 694 387 Anna
718 325 809 406 1456.
834 363 875 372 -
900 344 945 390 rr.
968 330 1126 389 decembn's.
1262 320 1264 324 ⁴
1438 348 1494 408 ¹13

234 539 347 601 monio
372 554 533 600 certorum
557 537 795 618 fidedignorum
813 538 955 600 virorum
981 540 1177 618 rescivimus,
1195 528 1282 621 quod
1310 541 1376 622 ipse
1395 542 1497 602 dictos

234 659 374 727 quatuor
397 663 506 706 saccos
529 643 644 705 salium
678 644 717 704 de
742 644 812 725 ipso
845 644 967 726 oppido
991 648 1051 707 sub
1077 645 1225 728 Kerchky
1256 646 1334 727 grad
1360 647 1496 709 domum

235 750 398 827 conduxit,
429 763 526 832 prout
549 750 651 810 eciam
683 750 770 810 solus
802 763 848 812 est
880 749 992 828 lassus,
1025 750 1098 812 ideo
1132 771 1187 832 per
1218 751 1496 832 adjudicacionem

235 856 412 938 juratorum
438 855 591 917 remansit
622 854 654 916 in
683 855 752 936 ipsa
784 855 988 937 obligatione
1013 856 1066 933 ita,
1098 857 1187 937 quod
1212 858 1312 938 ipsius
1336 858 1410 919 salis
1434 857 1497 919 due

236 976 341 1044 partes
365 961 509 1045 predicto
533 960 672 1023 iohanni
688 960 786 1040 judici
811 975 843 1024 et
870 962 967 1030 tercia
991 983 1062 1044 pars
1079 961 1176 1041 judici
1201 976 1231 1024 et
1248 962 1358 1036 iuratis
1385 963 1497 1025 cedere

234 1069 350 1131 debeat
373 1069 412 1129 de
437 1067 523 1148 jure3
547 1067 587 1128 de
611 1087 677 1149 quo
702 1066 822 1146 judicio
846 1071 939 1130 ambe
964 1083 1069 1151 partes
1093 1083 1166 1130 sunt
1188 1082 1347 1132 contente.

341 1174 419 1236 ltem
444 1175 520 1254 quia
546 1174 648 1235 Lucas
673 1187 772 1252 sutor,
797 1173 929 1254 juratus,
954 1174 986 1234 id
1004 1193 1076 1235 cum
1102 1175 1228 1237 duobus
1251 1176 1385 1236 testibus
1409 1175 1497 1237 vide-

232 1281 306 1343 licet
338 1280 503 1342 Anthonio
536 1293 655 1358 sutore,
686 1279 800 1360 jurato,
832 1295 864 1341 et
887 1299 960 1341 cum
993 1281 1087 1342 Petro
1121 1280 1268 1342 Kathana
1301 1280 1496 1342 sufficienter

233 1387 466 1468 comprobavit,
490 1385 579 1467 quod
604 1386 672 1469 ipse
695 1385 836 1447 lucratus
860 1384 971 1447 luisset
995 1406 1067 1448 curn
1088 1387 1207 1448 taxillis
1230 1406 1247 1447 a
1273 1387 1422 1448 Ladislao
1447 1387 1493 1469 ju-

235 1505 302 1554 rato
325 1511 446 1573 genero
471 1492 640 1553 Laurencii
665 1492 819 1554 institoris
853 1492 1006 1552 tredecim
1031 1511 1103 1553 cum
1130 1492 1236 1553 media
1261 1512 1375 1575 pensas
1398 1492 1496 1554 dena·

233 1598 365 1676 riorum,
399 1598 471 1659 ideo
504 1597 598 1678 jurati
631 1598 732 1679 ipsam
765 1617 893 1659 causam
925 1599 969 1658 sic
1001 1597 1277 1678 adjudicaverunt,
1309 1599 1397 1679 quod
1430 1599 1496 1680 ipse

235 1704 402 1766 Ladislaus
427 1705 506 1766 duas
530 1719 635 1786 partes
667 1704 824 1767 dictarum
858 1706 1066 1786 pecuniarum
1101 1705 1245 1786 predicto
1271 1705 1357 1765 Luce
1382 1705 1496 1785 jurato,

234 1826 264 1872 et
288 1810 387 1892 judici
411 1831 447 1873 ac
472 1811 581 1893 juratis
604 1811 736 1873 terciam
761 1824 902 1894 partem;
927 1811 967 1872 de
999 1830 1065 1892 quo
1090 1809 1210 1891 judicio
1236 1811 1303 1891 ipse
1330 1810 1497 1872 Ladislaus

234 1936 299 1978 non
324 1929 493 1979 contentus
516 1916 691 2000 appellavit
714 1916 850 1978 eandem
878 1936 1006 1977 causam
1030 1916 1070 1978 ad
1094 1915 1251 1996 judicium
1275 1917 1450 1980 seniorum.

273 2101 368 2175 lesia
397 2111 495 2174 sexta
524 2105 677 2191 proxima
714 2114 791 2192 post
819 2104 941 2173 festam
970 2102 1204 2191 Concepcionis
1232 2103 1328 2173 beate
1357 2102 1462 2175 Maris

708 2247 838 2316 semper
866 2229 1021 2316 virginis.

731 2379 794 2454 (10.
818 2379 992 2454 decembris).

340 2520 418 2582 Item
443 2521 594 2601 magister
619 2519 765 2582 Matheus
784 2520 926 2581 notarius
944 2519 1080 2581 civitatis
1104 2534 1213 2581 contra
1241 2520 1368 2581 Petrum
1393 2518 1496 2581 filium

235 2628 400 2690 Benedicti
426 2626 548 2689 Brodar
572 2626 714 2687 secundo
738 2626 851 2688 citatus
876 2644 941 2685 non
966 2626 1156 2706 comparuit.

339 2733 417 2795 ltem
442 2733 608 2794 Emericus
633 2730 721 2793 faber
755 2733 858 2794 dictus
882 2733 1005 2793 Ztanko
1039 2747 1148 2792 contra
1174 2733 1315 2796 relictam
1340 2732 1496 2794 Anthonii

232 2839 314 2903 fabri
339 2841 445 2923 primo
469 2828 583 2901 citatus
607 2859 671 2900 non
698 2839 888 2920 comparuit.

337 2947 415 3008 ltem
441 2945 617 3027 Gregorius
641 2945 818 3027 lutifigulus
835 2961 944 3007 contra
974 2946 1116 3006 relictam
1135 2946 1271 3007 condam
1299 2947 1427 3008 Andree
1444 2967 1495 3008 su·

235 3053 312 3113 toris
335 3053 441 3135 primo
466 3052 579 3113 citatus
603 3072 667 3113 non
693 3052 883 3133 comparuit.

339 3161 415 3222 ltem
442 3160 550 3221 relicta
575 3160 713 3220 condam
738 3158 868 3220 Thome
893 3158 1046 3221 institoris
1070 3159 1146 3221 dicti
1165 3159 1264 3220 Haler
1288 3173 1400 3220 eontra
1417 3178 1496 3221 uxo·

233 3284 298 3325 rem
324 3265 452 3326 Andree
478 3265 597 3325 Radler
621 3264 725 3345 primo
750 3265 844 3326 citata
869 3285 933 3326 non
959 3266 1147 3347 comparuit.

338 3371 416 3432 Item
441 3370 579 3432 Michael
612 3385 713 3431 sartor
744 3371 878 3433 claudus
902 3385 1011 3433 contra
1045 3371 1180 3432 Paulum
1213 3386 1354 3432 sutorem
1388 3372 1494 3454 primo

234 3476 347 3538 citatus
372 3496 435 3537 non
460 3477 649 3559 comparuit.

339 3582 417 3644 Item
443 3583 624 3663 Stephanus
647 3597 736 3644 sutor
758 3604 857 3664 gener
875 3584 1022 3666 Dyonisii
1048 3584 1201 3646 institoris
1226 3598 1336 3645 contra
1361 3604 1492 3645 uxorem

233 3688 376 3748 eiusdem
404 3688 549 3771 Dyonisii
575 3689 729 3751 institoris
749 3691 890 3752 secundo
916 3692 1029 3752 citatus
1055 3711 1117 3751 non
1144 3691 1335 3772 comparuit.

340 3794 417 3856 Item
450 3796 524 3876 quia
550 3796 702 3858 Nicolaus
731 3813 831 3858 sartor
862 3799 959 3860 tercia
988 3799 1056 3859 vice
1088 3797 1218 3879 quando
1243 3811 1352 3859 contra
1385 3801 1495 3878 Augu·

232 3901 350 3962 stinum
378 3901 486 3963 Kusne
511 3922 696 3984 comparere
720 3917 750 3964 et
774 3905 967 3986 respondere
993 3905 1115 3982 debuit,
1140 3923 1205 3965 non
1230 3902 1409 3983 comparuit
1435 3923 1494 3964 nec

232 4007 407 4088 respondit,
433 4027 537 4088 neque
562 4028 619 4089 pro
643 4029 676 4070 se
701 4009 843 4091 aliquem
869 4024 1110 4092 procuratorem
1135 4009 1266 4087 dimisit,
1291 4008 1365 4069 ideo
1385 4023 1494 4070 contra

232 4112 373 4195 judicem
399 4127 429 4174 et
446 4112 566 4194 juratos
590 4116 743 4176 remansit
759 4115 791 4177 in
813 4117 951 4197 birsagio
976 4117 1071 4178 trium
1091 4135 1262 4198 pensarum
1288 4115 1494 4176 denariorum

231 4219 425 4302 judicialiter
449 4221 614 4283 convictus
639 4221 753 4284 ordine
777 4222 855 4303 juris
879 4224 1071 4304 requirente.

231 4406 377 4477 Sabbata
408 4409 559 4494 proximo
588 4417 664 4495 post
692 4407 814 4479 festam
835 4407 1068 4498 conceptionis
1096 4410 1192 4480 beate
1214 4409 1318 4480 liaris
1340 4411 1493 4499 virginis.

727 4562 788 4635 (11.
812 4563 991 4635 decembris).

338 4679 416 4742 ltem
441 4681 584 4743 seniores
608 4681 729 4763 judices
754 4703 880 4744 causam
914 4685 997 4746 inter
1021 4685 1141 4746 Lucam
1166 4698 1320 4761 sutorem,
1345 4685 1495 4763 juratum,

234 4799 265 4848 et
289 4785 370 4847 inter
387 4786 571 4849 Ladislaum
589 4788 763 4869 agricolam
787 4789 908 4850 dictum
927 4789 1204 4873 Czaranthowych
1226 4790 1327 4874 pridie
1345 4790 1495 4941 virzelicet
