3488 5272
597 339 684 396 Anno
710 335 802 416 1467.
826 371 870 381 -
892 334 945 397 28.
968 338 1136 397 novembris.
1440 355 1499 418 325

239 547 311 607 dam
338 547 464 610 vineam
490 549 589 630 ipsius
614 547 744 628 Georgii
775 547 977 630 Jelowchych
1005 549 1035 608 in
1069 549 1228 609 territorio
1253 548 1336 610 dicte
1360 549 1497 610 civitatis

239 653 379 713 habitam
415 655 608 732 statuissent,
633 674 728 735 quam
755 655 881 715 vineam
916 655 982 735 ipse
1017 655 1130 715 Palecz
1164 655 1248 736 juxta
1272 655 1498 717 condicionem

239 760 321 821 dicte
347 761 483 822 civitatis
507 760 721 836 vendidisset;
746 776 776 822 et
800 762 875 841 quia
901 762 966 842 ipse
985 760 1145 842 Georgius
1170 760 1373 842 Jelowchych
1391 761 1499 822 literas

238 866 277 926 ad
304 867 404 948 ipsam
430 868 555 928 vineam
582 881 769 948 spectantes,
794 882 889 948 prout
913 869 979 948 ipse
1005 868 1117 930 Palecz
1147 867 1268 945 asserit,
1293 881 1364 949 post
1388 867 1500 927 vendi·

238 973 363 1033 cionem
396 972 495 1053 ipsius
526 973 618 1033 vinee
651 972 773 1055 prefato
800 974 917 1034 Mathia
948 973 1061 1036 sartori
1094 992 1213 1054 genero
1247 973 1345 1055 ipsius
1370 972 1498 1034 Andree

240 1079 434 1161 Symunych
468 1079 724 1162 impignorasset,
757 1092 787 1140 et
818 1081 893 1141 ideo
926 1080 1018 1159 jurati
1043 1077 1127 1141 facto
1153 1081 1184 1140 in
1217 1080 1371 1160 premisso
1395 1078 1501 1140 taliter

238 1185 486 1264 adjudicassent,
511 1185 597 1266 quod
624 1187 690 1267 ipse
724 1185 861 1246 Mathias
892 1198 992 1247 sartor
1016 1183 1094 1247 feria
1126 1186 1222 1248 tercia
1248 1185 1392 1267 proxime
1425 1204 1499 1246 ven·

237 1306 307 1352 tura
343 1293 373 1352 in
406 1312 458 1352 ara
490 1305 597 1352 sancte
631 1293 743 1353 Crucis
775 1291 1015 1372 (juramentum)
1048 1292 1202 1352 solusmet
1232 1306 1370 1373 prestare
1405 1291 1436 1350 in
1461 1309 1500 1352 eo

238 1399 408 1473 tenebitur,
439 1398 527 1477 quod
561 1399 628 1480 ipse
661 1398 791 1458 nescivit
824 1398 928 1479 ipsum
961 1397 1105 1458 debitum
1143 1417 1209 1479 quo
1242 1398 1307 1479 ipse
1340 1395 1501 1478 Georgius

239 1504 344 1563 eidem
378 1504 491 1565 Paiecz
525 1504 744 1583 obligabatur3
778 1518 808 1564 et
839 1505 863 1564 si
897 1504 962 1584 ipse
996 1503 1132 1565 Mathias
1163 1504 1290 1581 jurabit,
1321 1518 1399 1565 tunc
1432 1504 1499 1585 ipse

240 1610 352 1670 l‘alecz
378 1611 539 1691 requirere
564 1611 695 1672 debebit
718 1629 810 1671 suum
837 1610 980 1672 debitum
1006 1630 1101 1692 super
1126 1611 1229 1692 ipsum
1256 1609 1444 1690 Georgium,
1470 1623 1501 1671 et

238 1716 262 1775 si
288 1717 353 1796 ipse
379 1715 515 1777 Mathias
540 1716 753 1793 iuramentum
779 1736 843 1777 non
862 1717 1024 1797 prestabit,
1048 1731 1124 1777 tunc
1149 1717 1215 1797 ipse
1241 1717 1352 1777 l’alecz
1376 1716 1499 1777 solvere

240 1822 400 1883 tenebitur
424 1822 483 1902 ipsi
510 1823 629 1883 Mathie
646 1837 709 1883 tres
726 1821 794 1884 flor.
819 1837 850 1883 et
874 1823 1004 1883 terciam
1023 1837 1143 1905 partem
1162 1824 1257 1884 unius
1281 1822 1394 1883 floreni
1412 1821 1499 1900 juxta

239 1928 502 1989 consuetudinem
529 1929 612 1990 dicte
636 1929 784 2006 civitatis,
809 1929 876 2009 ipse
898 1943 1004 1990 autem
1030 1928 1166 1989 Mathias
1190 1929 1298 1989 literas
1320 1946 1416 2009 super
1433 1929 1499 2009 ipsa

238 2036 329 2095 vinea
354 2036 439 2116 apud
472 2036 575 2117 ipsum
608 2035 731 2096 habitas
762 2035 867 2096 eidem
899 2035 1012 2096 Paiecz
1041 2035 1117 2096 dare
1149 2035 1328 2109 tenebitur;
1365 2034 1404 2095 de
1431 2054 1496 2115 quo

239 2142 357 2219 iudicio
383 2142 525 2223 ipsorum
543 2141 719 2222 juratorum
745 2142 811 2224 ipse
833 2141 968 2203 Mathias
986 2161 1050 2202 non
1076 2156 1246 2203 contentus
1269 2141 1308 2203 ad
1334 2141 1498 2202 seniorum

237 2249 379 2327 judicum
405 2249 579 2330 appellavit
603 2248 740 2309 eandem
764 2267 892 2309 causam
917 2249 1126 2329 presenciam.

342 2355 420 2417 item
445 2356 519 2436 quia
546 2354 722 2434 Gregorius
746 2356 824 2415 civis
847 2354 886 2415 de
904 2355 977 2415 vico
1000 2355 1199 2431 Latinorum,
1225 2353 1314 2414 Hans
1339 2352 1496 2414 famulum

238 2461 367 2522 Thome
399 2462 515 2523 sutoris
547 2461 656 2542 generi
689 2461 826 2522 condam
865 2460 1043 2522 Clementis
1081 2459 1249 2541 freniparis
1280 2460 1312 2520 in
1343 2459 1499 2540 judicium

238 2589 344 2629 coram
372 2569 464 2629 nobis
489 2569 520 2629 in
546 2568 653 2628 sedem
680 2568 879 2649 judiciariam
912 2582 1053 2628 nostram
1085 2566 1240 2643 citaverit,
1263 2580 1298 2627 ut
1321 2580 1419 2642 actor,
1442 2564 1498 2626 sed

239 2675 304 2756 ipse
331 2673 506 2754 Gregorius
530 2688 617 2735 actor
642 2675 740 2734 nostri
767 2674 798 2734 in
816 2674 1014 2755 presenciam
1033 2693 1097 2734 non
1122 2673 1210 2734 venit
1225 2691 1283 2733 nec
1308 2670 1498 2752 comparuit,

238 2783 304 2861 ipse
330 2802 405 2841 vero
431 2782 520 2841 Hans
544 2780 683 2841 famulus
708 2780 807 2861 ipsius
831 2779 959 2840 Thome
981 2794 1075 2860 prout
1100 2779 1145 2839 eis
1169 2779 1279 2839 datum
1305 2776 1365 2838 fuit
1390 2777 1421 2837 in
1451 2776 1497 2856 ju·

237 2888 322 2948 dicio
347 2887 526 2968 comparuit
551 2906 657 2948 coram
683 2887 788 2946 nobis.

346 2994 422 3054 item
455 2993 516 3053 alia
545 2991 625 3052 facta
657 3012 720 3072 que
752 3011 858 3053 coram
892 2992 985 3053 nobis
1016 2992 1123 3053 oblata
1157 2989 1295 3067 fuerunt,
1327 3004 1498 3071 prorogata

237 3115 308 3161 sunt
335 3119 434 3179 usque
460 3099 599 3179 primum
622 3097 788 3178 judicium.

317 3325 462 3394 Sabbata
492 3321 644 3411 proximo
673 3330 748 3409 post
778 3320 900 3389 festum
930 3319 1026 3388 beate
1056 3316 1236 3388 Katberioe
1264 3320 1417 3405 virginis,

676 3447 827 3532 proxime
856 3445 1065 3530 preteritum.

726 3595 790 3667 (28.
823 3595 1006 3667 novembris).

344 3742 419 3801 Item
446 3760 574 3800 causam
602 3741 681 3799 inter
700 3739 888 3798 'l'homasko
912 3752 1078 3814 sartorem,
1102 3738 1261 3796 seniorem
1288 3736 1438 3813 iuratum,
1464 3748 1498 3796 ut

236 3862 376 3907 actorem
392 3848 431 3906 ab
447 3867 507 3906 una
526 3862 554 3906 et
575 3847 655 3905 inter
674 3844 875 3919 Michaelent,
894 3843 1085 3903 modernum
1104 3843 1253 3920 juratum,
1272 3840 1442 3923 pellificem
1468 3855 1497 3901 et

239 3955 414 4013 institorem
441 3973 476 4012 ac
502 3952 694 4031 Gregorium
715 3948 917 4030 ii'rabchych
946 3964 976 4009 ct
1004 3949 1143 4009 Biasium
1161 3964 1326 4025 sartorem,
1350 3947 1498 4008 concives

239 4075 374 4134 nostros,
401 4075 432 4118 ut
460 4060 489 4117 iu
516 4077 642 4118 causam
669 4071 818 4116 attractos
842 4056 968 4115 racione
997 4056 1253 4115 conservationis
1277 4055 1308 4114 in
1326 4054 1425 4114 domo
1441 4073 1496 4112 sua

238 4165 368 4225 Grande
394 4165 546 4238 mulieris,
572 4184 634 4243 que
660 4177 800 4223 evaserat
826 4182 883 4242 pro
901 4158 986 4223 furtu
1004 4181 1077 4222 cum
1103 4161 1171 4222 siro
1188 4181 1247 4221 suo
1272 4160 1311 4220 de
1336 4160 1403 4241 ipsa
1420 4158 1496 4219 civi·

236 4287 299 4332 tate
324 4287 353 4330 et
379 4286 507 4352 propter
532 4271 592 4330 alia
619 4286 701 4329 certa
726 4288 838 4330 eorum
865 4269 947 4328 mala
977 4267 1058 4328 iacta
1082 4287 1137 4348 per
1162 4287 1217 4327 cns
1241 4280 1373 4347 patrata,
1398 4283 1495 4344 quam

236 4379 434 4439 conservavit
460 4398 538 4437 uxor
564 4376 707 4436 eiusdem
733 4376 922 4436 'l'bomasko
940 4375 970 4434 in
996 4375 1105 4451 domo,
1130 4388 1361 4453 contraquam
1380 4371 1495 4432 multo·

237 4487 324 4546 ciens
341 4485 445 4545 erdem
466 4484 612 4544 Michaeii
632 4483 734 4560 jurato
752 4496 963 4562 conquestum
988 4479 1046 4541 fuit
1063 4499 1119 4561 per
1136 4481 1268 4556 vicinos,
1286 4498 1347 4559 que
1366 4477 1496 4539 Grande

236 4606 327 4672 capta
353 4589 412 4652 fuit
436 4610 507 4651 cum
535 4590 673 4650 Martino
698 4589 874 4671 presbitero
899 4587 938 4648 de
960 4586 1107 4669 lu'anycb
1132 4587 1163 4646 in
1189 4585 1380 4659 meretricio,
1397 4603 1493 4664 quam

237 4697 401 4757 Grandem
429 4697 494 4777 ipsa
521 4715 651 4755 consors
676 4695 819 4756 eiusdem
844 4693 1034 4754 Thomasito
1066 4692 1264 4754 conservavit
1289 4704 1399 4752 contra
1422 4708 1495 4770 pro·

236 4802 431 4864 hibicionem
455 4801 696 4863 communitatis
719 4800 802 4861 dicte
827 4799 972 4876 civitatis,
996 4815 1026 4860 et
1051 4799 1192 4881 predicta
1217 4795 1374 4861 maleficia
1391 4795 1495 4859 iacere
