3488 5272
239 343 302 402 304
610 326 695 383 Anno
716 322 809 402 1466.
833 360 877 369 -
899 338 928 402 7.
952 324 1123 387 novembris.

1316 430 1510 441 ..——-

240 536 318 596 nihil
345 537 384 598 de
412 534 529 618 prelata
556 537 630 597 cista
657 552 737 597 esset
762 538 886 597 conscia
912 556 970 597 nec
994 556 1027 596 se
1049 536 1139 597 novit
1160 555 1227 597 esse
1250 555 1337 597 ream
1362 555 1421 597 seu
1438 536 1512 597 cul·

238 643 377 723 pabilem
406 664 463 724 pro
488 642 608 724 prelata
634 644 721 704 cista.

345 748 421 809 Item
448 749 593 809 Andreas
617 748 760 809 mollitur
793 748 919 809 claustri
945 748 1043 808 sancti
1071 747 1229 808 Francisci
1263 746 1372 808 citavit
1399 748 1510 830 primo

239 854 436 935 Stephanum
461 868 601 915 sutorem
630 855 712 915 lach
744 855 876 916 dictum.

345 979 421 1039 Item
440 980 576 1039 blichael
596 978 715 1040 Goleca
741 981 844 1040 dictus
861 981 965 1061 primo
983 980 1096 1041 citatus
1114 999 1178 1039 non
1196 979 1376 1061 comparuit
1392 998 1507 1041 coram

240 1086 333 1144 nobis
359 1086 388 1145 in
416 1086 534 1159 judicio
559 1102 669 1145 contra
695 1087 858 1146 hlotheum
885 1086 1106 1165 l'epudouich
1132 1085 1303 1148 lludinich.

345 1210 420 1269 ltem
447 1212 618 1270 concordia
645 1210 722 1270 lacta
751 1212 830 1270 inter
853 1212 993 1271 Blasium
1020 1212 1059 1271 de
1085 1212 1227 1272 Abhacia
1252 1210 1330 1271 alias
1354 1210 1504 1271 villicum

239 1315 276 1373 de
302 1316 413 1375 eadem
440 1332 469 1375 et
495 1316 656 1377 'l'homam
676 1326 826 1377 sutorem'
843 1318 881 1377 de
906 1318 1059 1378 suburbio
1078 1317 1224 1395 civitatis,
1241 1338 1296 1399 per
1320 1316 1506 1377 iohannem

239 1422 413 1498 l'erou'ich,
440 1423 611 1483 llartinum
640 1424 768 1483 llau'sar
793 1440 822 1483 et
851 1424 1050 1485 :anthonium
1080 1425 1222 1486 seniores
1249 1423 1370 1505 judices
1394 1423 1504 1485 taliter

241 1525 332 1601 facta,
358 1530 416 1586 sub
441 1548 551 1588 eorum
586 1528 646 1588 lide
672 1531 744 1589 elata
777 1546 904 1610 propter
937 1531 1015 1591 illud
1049 1531 1169 1612 nephas
1198 1546 1227 1590 et
1259 1530 1378 1590 crimen
1412 1530 1504 1609 quod

243 1634 308 1713 ipse
342 1633 486 1693 'l'homas
519 1636 720 1696 commiserat
753 1650 825 1696 cont
851 1656 948 1696 nacae
981 1637 1124 1697 eiusdem
1152 1634 1265 1714 Blasii,
1298 1648 1328 1695 et
1359 1635 1418 1695 sub
1443 1635 1500 1695 tali

241 1741 457 1819 obligatione,
482 1743 568 1821 quod
594 1744 617 1801 si
645 1744 728 1802 idem
755 1743 900 1804 Thomas
925 1744 954 1803 in
974 1744 1136 1824 aliquibus
1153 1742 1352 1824 temporibus
1376 1741 1408 1801 in
1427 1760 1503 1822 pro·

240 1867 328 1907 cessu
347 1863 454 1907 contra
473 1849 610 1908 eurrdem
636 1851 774 1909 Illasium
795 1851 843 1910 rel
863 1851 1047 1930 quempiam
1066 1851 1165 1910 alium
1191 1850 1295 1910 simile
1312 1847 1434 1929 nephas
1451 1848 1502 1909 vel

240 1954 358 2014 crimen
375 1955 596 2033 (commiserite
620 1956 667 2016 rel
693 1978 725 2016 ae
752 1957 789 2015 de
808 1958 860 2016 tali
888 1957 1060 2033 jactaveris,
1078 1971 1153 2017 tunc
1181 1957 1320 2017 eundem
1338 1954 1503 2015 Thomam

240 2059 332 2131 iudex
348 2061 484 2120 civitatis
498 2082 553 2141 pro
573 2078 716 2143 tempore
736 2064 925 2124 constitutus
936 2064 1049 2124 habeat
1060 2078 1249 2144 potestatem
1268 2084 1304 2124 ac
1318 2061 1504 2123 facultatem

240 2168 360 2244 absque
385 2168 472 2226 omm
500 2168 619 2242 judicio
644 2170 813 2249 captivare,
847 2186 1039 2251 captumque
1075 2172 1187 2251 punire
1213 2187 1377 2250 tamquam
1402 2168 1503 2229 male·

242 2272 413 2347 laetorum,
439 2290 468 2334 et
493 2276 516 2333 si
544 2275 627 2335 idem
657 2277 779 2336 llltrsius
804 2276 863 2337 hoc
888 2278 1004 2358 poterit
1022 2279 1244 2358 crrnrprobare,
1270 2290 1299 2336 ct
1318 2275 1403 2335 idem
1429 2274 1502 2335 Bla-

241 2380 306 2438 sius
331 2380 354 2437 si
381 2380 555 2460 aliquando
581 2382 684 2442 eidem
711 2383 840 2443 'l'honte
874 2384 933 2444 hoc
960 2383 1079 2464 nephas
1104 2384 1152 2444 rel
1179 2383 1291 2444 crimin
1315 2399 1371 2463 per
1395 2382 1502 2462 ipsum

239 2505 310 2544 cum
338 2505 434 2545 uxore
453 2507 507 2545 sua
527 2489 733 2548 coturnissnm
760 2490 932 2569 inpiaxerit
957 2504 986 2549 et
1005 2506 1109 2571 posset
1128 2491 1212 2549 idem
1231 2488 1376 2550 Thomas
1392 2500 1503 2548 contra

239 2591 376 2650 eundem
407 2596 595 2671 approbare,
621 2608 695 2655 tnnc
719 2596 823 2655 statim
857 2617 895 2656 eo
929 2594 1010 2657 sacto
1044 2596 1183 2677 prelatus
1208 2596 1332 2656 Blasius
1355 2594 1395 2654 sit
1426 2612 1503 2654 con·

239 2697 340 2756 rictus
365 2713 473 2757 contra
500 2700 637 2759 eundem
665 2700 826 2761 'l‘homam
854 2702 884 2761 in
919 2703 1007 2763 XXV
1032 2704 1145 2763 marcis
1170 2717 1199 2763 et
1224 2701 1321 2782 judici
1346 2700 1503 2775 totidem3

240 2803 314 2862 item
350 2823 460 2863 eorum
493 2804 603 2865 fratres
627 2826 662 2865 ac
695 2809 924 2887 consanguinei
957 2810 1095 2889 amplius
1129 2830 1186 2890 pro
1219 2810 1279 2869 isto
1312 2806 1394 2868 lacto
1420 2825 1504 2868 unus

239 2909 373 2969 alterum
400 2912 593 2971 contrariare
619 2932 681 2971 non
708 2915 847 2974 audeant
871 2916 936 2976 sire
955 2932 1185 2995 presummant.

346 3033 421 3093 ltem
450 3034 539 3105 jurati
559 3036 821 3104 adjudicaverunt
841 3060 897 3119 pro
925 3040 1083 3121 l'hilippo,
1110 3056 1142 3100 ut
1166 3042 1231 3121 ipse
1249 3037 1411 3120 quandam
1430 3056 1501 3097 mu·

242 3140 350 3199 licrem
384 3143 556 3201 eatramisit
590 3143 628 3203 de
661 3146 753 3203 serris
787 3166 822 3204 ac
855 3147 1008 3223 vinculis,
1034 3147 1128 3207 dehet
1161 3167 1230 3206 eam
1265 3145 1425 3206 adducere
1459 3141 1500 3201 ad

240 3246 374 3325 primam
401 3248 486 3306 diem
512 3248 723 3325 judiciariam,
750 3252 849 3331 ipsam
875 3254 898 3311 si
926 3274 989 3313 nou
1023 3254 1189 3314 adduxerit
1214 3253 1252 3313 sit
1277 3251 1443 3312 convictus
1467 3248 1500 3309 in

241 3352 327 3409 XXl'
354 3354 467 3413 toarcis
492 3358 724 3416 communitati.

346 3477 421 3539 ltem
448 3500 576 3540 caumas
604 3483 683 3540 inter
710 3482 906 3543 Demetrium
933 3486 972 3545 de
1000 3486 1155 3545 ll'rabeca
1181 3501 1211 3546 et
1237 3483 1437 3544 Anthonium
1456 3479 1469 3541 l
1489 3516 1500 3525 -

240 3584 343 3657 luunt,
371 3583 460 3655 jtnati
489 3586 528 3645 ita
555 3588 815 3659 adjudicaverunt
842 3592 896 3667 sic,
931 3593 1017 3671 quenl
1045 3594 1115 3651 illas
1141 3614 1188 3652 res
1213 3611 1291 3671 eletas
1317 3588 1500 3650 ,hathonius

240 3689 456 3769 iupigrmrarit
483 3693 644 3772 Stephano
678 3698 787 3771 stilari,
823 3698 905 3758 idem
932 3700 1111 3779 Stephanus
1144 3713 1231 3758 sutor
1256 3698 1350 3756 debet
1376 3696 1406 3754 in
1432 3713 1499 3754 me-

239 3797 327 3855 dium
355 3799 452 3857 nostri
477 3816 622 3879 apostare
648 3816 677 3861 ct
703 3803 790 3863 litere
816 3807 855 3864 ab
879 3806 947 3885 ipso
977 3808 1190 3873 redimentur:
1217 3803 1399 3863 anthonius
1424 3818 1500 3861 reto

239 3902 332 3962 dehet
359 3904 467 3963 sedere
495 3907 523 3963 in
552 3908 686 3967 rinculis·
705 3930 803 3989 usque
828 3913 962 3991 primaru
982 3914 1065 3972 diem
1087 3912 1305 3985 halicae-ionis,
1324 3926 1399 3969 tunc
1416 3908 1499 3988 quit·

240 4011 316 4089 quid
344 4012 505 4071 trtrenient
534 4014 663 4085 judices,
689 4018 830 4095 paciatur
854 4034 982 4098 propter
1012 4020 1172 4080 talismodi
1199 4020 1274 4099 quia
1300 4016 1499 4077 calumniose

239 4118 302 4195 egit
328 4133 437 4177 contra
464 4119 612 4179 eundern.

346 4242 420 4301 ltem
447 4264 572 4304 causam
601 4246 680 4305 iuter
705 4248 892 4309 ,llichaelem
917 4264 945 4309 ct
974 4251 1152 4311 llartholica
1170 4250 1433 4319 adjudicaverunt
1453 4246 1498 4319 ju·

239 4350 295 4408 rati
316 4349 367 4422 ita,
386 4364 417 4409 ut
437 4352 520 4410 idem
542 4352 720 4413 llartholicr.
738 4372 848 4433 atterat
871 4358 928 4415 sihi
948 4357 1078 4439 dampni
1099 4360 1249 4429 illatores,
1270 4355 1403 4416 llichacl
1424 4373 1499 4414 reto

239 4456 312 4535 quia
332 4456 409 4515 dixit
425 4472 532 4517 contra
546 4459 683 4519 eundem
706 4462 884 4522 llartholica
903 4464 1093 4523 violenciam
1110 4468 1236 4537 lactant,
1253 4464 1339 4523 solus
1352 4463 1391 4523 sit
1406 4462 1436 4521 in
1452 4481 1497 4521 ea.

346 4580 422 4639 ltem
456 4601 582 4641 catraanr
613 4584 692 4643 inter
719 4584 922 4647 lhaninicum
950 4602 977 4647 et
1010 4590 1185 4649 babianum
1213 4589 1302 4659 iurati
1337 4586 1498 4657 adiudica-

239 4700 311 4745 runt
336 4686 389 4745 tali
417 4688 526 4763 modo,
554 4688 742 4749 llominicus
766 4692 859 4751 debet
885 4694 1034 4753 rehabere
1060 4716 1149 4755 suarm
1176 4696 1313 4772 cineam,
1340 4696 1499 4755 Fabianus

240 4812 314 4853 vero
339 4796 525 4875 peccuniam
553 4815 649 4877 quarn
675 4798 805 4859 dederat
831 4802 1025 4880 areodatire,
1050 4804 1199 4885 perdidit.
