3488 5272
245 342 288 401 44
621 325 707 382 Anno
730 336 820 400 1452.
848 358 887 365 --
913 337 939 384 Ι.
963 324 1134 399 septembris.

247 534 449 615 carpentarii,
474 533 656 616 jobagionis
688 533 811 595 domini
843 534 982 596 Ladislai
1015 535 1055 596 de
1081 535 1223 615 Pezerio,
1247 535 1336 619 olym
1369 534 1512 598 concivis

247 654 365 718 nostra,
397 655 538 702 nostram
571 640 704 702 veniens
728 641 759 700 in
792 641 991 722 presenciam
1016 641 1110 702 nobis
1141 661 1181 702 eo
1208 641 1308 704 modo
1332 639 1512 723 significare

243 746 376 823 curavit,
401 760 435 807 ut
458 746 598 828 quedam
626 746 717 807 litera
742 761 849 808 nostra
875 766 930 808 seu
963 747 1099 809 civitatis
1123 747 1266 829 predicte
1290 747 1512 830 privilegialis,

244 870 302 932 pro
327 867 414 933 parte
437 854 485 913 sui
518 872 614 934 super
647 852 790 934 quodam
822 853 940 934 (h)orto
976 872 1036 914 suo
1067 854 1099 914 in
1130 854 1291 915 territorio
1315 867 1424 916 nostro
1454 873 1512 915 seu

243 957 380 1019 civitatis
411 957 544 1040 prefate,
576 972 661 1021 retro
695 978 822 1021 murum
856 959 1012 1037 eiusdem,
1049 960 1079 1020 in
1112 960 1275 1022 vicinitate
1307 959 1417 1041 (hlorti
1450 958 1511 1021 Mi·

244 1063 363 1124 chaelis
387 1064 549 1146 portulani
574 1065 838 1147 aseptemtriooe
856 1080 887 1127 et
911 1066 992 1127 inter
1015 1081 1078 1127 tres
1102 1066 1169 1127 vias
1189 1084 1388 1145 communes,
1412 1084 1510 1127 unam

242 1171 282 1230 ab
307 1170 430 1232 oriente
455 1186 486 1233 et
510 1171 607 1231 aliam
632 1191 649 1232 a
674 1171 855 1233 meridione
880 1186 911 1232 et
933 1172 1064 1234 terciam
1086 1174 1126 1233 ab
1151 1172 1319 1234 occidente
1344 1172 1431 1249 sitas,
1454 1170 1511 1233 ha·

243 1276 310 1337 bito
335 1291 366 1338 et
389 1277 553 1353 existente,
577 1275 724 1338 conlecta
750 1291 781 1339 et
805 1291 963 1355 emanata,
998 1277 1168 1339 casualiter
1201 1278 1316 1340 amissa
1341 1292 1372 1341 et
1395 1278 1510 1359 deper-

242 1382 308 1443 dita
325 1382 497 1459 extitisset3
521 1396 552 1443 et
575 1383 650 1464 quia
668 1383 780 1444 eadem
806 1383 896 1444 litera
912 1383 1124 1465 privilegialis
1148 1383 1188 1445 ad
1212 1384 1329 1446 trinam
1348 1382 1510 1446 forensem

242 1502 273 1549 et
296 1488 459 1570 publicam
485 1488 777 1570 proclamacionem
803 1504 944 1550 nostram
978 1510 1033 1571 per
1058 1510 1117 1552 nos
1149 1489 1324 1572 superinde
1349 1509 1406 1572 per
1438 1509 1510 1572 pre·

241 1613 338 1654 cones
370 1607 495 1656 nostros
528 1614 717 1656 communes
749 1594 815 1656 lieri
849 1596 1054 1657 commissam
1083 1610 1113 1659 et
1152 1594 1268 1657 factam
1301 1596 1417 1658 nullibi
1450 1614 1510 1657 nec

240 1701 326 1782 apud
352 1700 553 1762 Christianos
578 1721 636 1762 nec
660 1703 745 1783 apud
778 1702 898 1762 Judeos
930 1702 1067 1763 inveniri
1096 1703 1211 1785 potuit,
1244 1717 1275 1764 et
1298 1702 1374 1784 quia
1407 1702 1508 1764 eciam

239 1806 360 1889 prelata
386 1808 518 1868 domina
542 1807 733 1888 Magdalena
768 1808 798 1867 iu
833 1806 966 1889 pacifico
1001 1808 1148 1869 dominio
1181 1822 1213 1869 et
1236 1807 1345 1889 quieta
1369 1827 1509 1890 possses·

241 1914 331 1974 sione
356 1912 470 1995 prelati
495 1912 602 1994 (h)orti
627 1934 644 1974 a
669 1913 725 1974 diu
758 1914 936 1994 retrolapso
970 1928 1114 1995 tempore
1139 1929 1170 1975 et
1194 1933 1296 1996 usque
1321 1934 1406 1977 nunc
1437 1933 1509 1996 per·

240 2020 357 2081 mansit
382 2020 511 2081 nemine
536 2020 664 2101 penitus
688 2020 939 2097 contradicente,
966 2021 1104 2101 ideoque
1123 2041 1181 2081 nos
1206 2020 1384 2103 predictum
1410 2021 1508 2101 (h)or·

238 2141 307 2188 tum
334 2127 365 2187 in
391 2126 554 2187 vicinitate
579 2126 759 2207 supradicta
785 2124 928 2187 habitum
955 2146 1027 2186 cum
1053 2127 1205 2187 omnibus
1228 2127 1293 2188 suis
1317 2127 1509 2188 utilitatibus

239 2248 268 2295 et
300 2233 508 2316 pertinenciis
541 2232 696 2294 universis
735 2232 876 2314 predicte
912 2232 1043 2293 domine
1084 2233 1275 2313 llagdalene
1308 2253 1345 2294 ex
1378 2232 1507 2295 instanti

241 2340 339 2421 ipsius
362 2340 524 2422 peticione
538 2359 574 2399 ac
598 2358 741 2420 peream
767 2339 832 2399 suis
857 2338 1028 2399 heredibus
1047 2340 1216 2400 statuimus
1233 2355 1389 2422 perpetuo
1407 2339 1507 2422 possi·

239 2445 381 2507 dendum
407 2461 438 2507 et
462 2445 771 2526 quomodocumque
797 2444 934 2505 uoluerit
960 2445 1210 2526 disponendum.

346 2551 422 2613 item
448 2550 581 2611 domina
601 2550 702 2612 Elena
727 2550 836 2611 relicta
861 2549 997 2611 condam
1017 2551 1099 2613 Petri
1123 2553 1262 2632 agricole
1286 2551 1342 2613 filii
1368 2552 1507 2614 condam

241 2657 331 2719 Pauli
358 2658 600 2739 Sulkowychyn
626 2656 656 2715 io
675 2676 730 2716 sua
749 2671 779 2716 et
805 2656 958 2716 Demetrii
984 2656 1076 2717 aliter
1095 2657 1223 2718 Domko
1241 2658 1355 2735 vocati,
1380 2678 1417 2720 ex
1436 2659 1506 2741 ipso

241 2763 335 2825 Petro
359 2763 499 2845 agricola
532 2762 701 2844 procreati,
732 2762 877 2843 personis
909 2776 1049 2822 nostram
1076 2762 1207 2823 veniens
1239 2763 1268 2823 in
1296 2764 1507 2845 presenciam,

240 2870 334 2931 nobis
358 2888 398 2931 eo
423 2869 522 2929 modo
546 2865 726 2948 significare
751 2867 883 2942 curavit,
910 2879 944 2927 ut
961 2867 1051 2928 litera
1077 2882 1183 2929 nostra
1208 2888 1264 2929 seu
1282 2869 1419 2930 civitatis
1435 2889 1506 2951 pre·

239 2976 321 3037 dicte
347 2974 557 3057 privilegialis
582 2974 713 3053 antiqua
739 2992 796 3053 pro
829 2986 915 3052 parte
942 2971 1053 3053 prefati
1087 2973 1224 3034 condam
1251 2974 1333 3035 Petri
1359 2976 1500 3056 agricole

239 3083 344 3143 mariti
370 3081 517 3162 legittimi
552 3080 650 3161 ipsius
682 3079 781 3138 Elene
814 3078 976 3145 mulieris,
1007 3079 1103 3158 patris
1139 3099 1214 3140 vero
1239 3080 1313 3141 dicti
1350 3082 1505 3143 Demetrii

240 3188 368 3248 Domko
394 3186 509 3262 vocati,
535 3205 629 3267 super
646 3184 785 3263 quadam
804 3182 903 3242 domo
925 3198 953 3242 et
973 3181 1073 3243 fundo
1098 3205 1133 3244 ac
1159 3186 1275 3246 celario
1293 3189 1505 3249 subterraneo

239 3314 275 3356 ac
300 3293 456 3355 hedificiis
481 3293 512 3352 in
538 3291 621 3351 dicta
646 3290 772 3350 civitate
798 3304 829 3349 et
860 3289 940 3348 inter
972 3308 1027 3348 seu
1053 3310 1151 3370 penes
1183 3290 1298 3351 domos
1323 3308 1353 3352 et
1387 3291 1505 3356 fundos

238 3422 275 3461 ac
299 3398 447 3460 hedificia
473 3398 602 3457 l'ltome
619 3395 748 3455 sartoris
771 3416 787 3453 a
807 3393 984 3453 meridiooc
1010 3409 1040 3453 et
1069 3394 1199 3475 Georgii
1227 3396 1504 3481 Czarauthotr·ych

239 3529 254 3568 a
280 3505 509 3588 septemtrione
535 3502 642 3562 habita
668 3515 696 3559 ct
726 3500 892 3569 existente,
924 3500 1063 3559 mediam
1098 3501 1218 3561 curiam
1244 3502 1283 3561 ad
1310 3522 1401 3563 usum
1425 3506 1504 3567 civi·

237 3613 309 3676 tatis
335 3613 364 3672 in
391 3631 423 3671 se
448 3609 644 3679 continente,
662 3605 785 3665 dudum
810 3602 955 3665 conlecta
975 3619 1004 3664 et
1028 3620 1186 3681 emanata,
1204 3607 1372 3668 casualiter
1389 3612 1504 3672 amissa

237 3735 267 3781 et
292 3717 458 3801 deperdita
492 3714 620 3779 suisset:
652 3725 682 3772 et
715 3710 789 3791 quia
823 3710 935 3769 eadem
961 3710 1050 3769 litera
1084 3712 1291 3791 privilegialis
1315 3713 1354 3773 ad
1387 3716 1503 3778 trinam

238 3824 397 3887 forensem
423 3837 454 3882 et
478 3819 639 3903 publicam
666 3816 959 3899 proclamacionem
993 3829 1132 3876 nostram
1159 3836 1214 3896 per
1248 3837 1306 3878 nos
1329 3822 1502 3900 superinde

238 3952 294 4013 per
319 3947 474 4012 precones
498 3940 623 3986 nostros
648 3940 836 3983 comumnes
861 3920 926 3980 lieri
960 3921 1164 3981 commissam
1191 3937 1220 3982 et
1246 3920 1358 3984 iactam
1386 3926 1503 3989 nullibi

240 4059 298 4101 nec
323 4035 408 4119 apud
427 4032 627 4095 Christianos
645 4048 702 4089 nec
720 4026 804 4107 apud
823 4026 942 4087 ludeos
961 4026 1095 4085 inveniri
1122 4027 1235 4107 potuit,
1253 4041 1283 4087 et
1308 4029 1382 4109 quia
1401 4032 1502 4094 eciam

239 4144 381 4229 prefatus
406 4140 542 4202 condam
570 4138 681 4198 l‘etrus
697 4133 837 4212 agricola
863 4132 994 4191 maritos
1008 4131 1095 4211 olym
1115 4133 1214 4211 ipsius
1232 4132 1331 4193 illene
1349 4137 1504 4215 mulieris,

241 4253 317 4313 dum
344 4250 374 4310 in
400 4245 549 4307 extremis
566 4243 629 4302 vite
655 4258 710 4299 sue
727 4237 914 4317 temporalis
931 4237 1115 4303 laborasset,
1134 4252 1208 4296 tunc
1233 4237 1298 4316 ipse
1324 4241 1500 4318 predictam

239 4359 372 4419 domum
397 4370 427 4415 et
459 4350 594 4412 fundum
619 4366 654 4407 ac
679 4344 830 4405 celarium
857 4358 885 4401 et
912 4339 1057 4401 lrediticia
1083 4341 1187 4401 medie
1221 4344 1306 4401 curie
1331 4364 1404 4405 com
1429 4350 1502 4411 aliis

239 4464 361 4528 cunctis
384 4460 449 4521 suis
473 4458 583 4518 usibus
607 4467 637 4513 et
670 4449 860 4509 utilitatibus
894 4466 929 4506 ae
955 4446 1159 4525 pertinenciis
1192 4446 1348 4509 universis
1372 4452 1504 4529 prefatis

242 4572 341 4635 Elene
367 4567 456 4630 uxori
471 4580 500 4625 et
526 4558 690 4623 Demetrio
716 4553 782 4615 tilio
799 4554 864 4613 suis
881 4553 999 4631 legaret
1024 4551 1286 4611 testanteutuliter
1311 4555 1504 4621 verbotenus

241 4674 468 4762 possidendam
494 4670 577 4749 juxta
596 4660 820 4727 condicionem
839 4656 975 4718 civitatis
996 4668 1160 4735 prenotate
1178 4656 1218 4715 ab
1235 4656 1370 4737 antiquo
1387 4678 1502 4741 appro.

242 4788 362 4863 batam,
385 4779 524 4861 ideoque
542 4792 600 4837 nos
616 4768 791 4857 predictam
816 4764 949 4827 domum
967 4774 998 4823 et
1021 4758 1158 4821 lundam
1174 4778 1209 4821 ac
1226 4760 1379 4823 celarium
1396 4768 1503 4831 medie
