3488 5272
630 312 717 369 Anno
732 308 824 389 1462.
850 344 890 354 -
914 307 965 373 16.
981 310 1135 389 januarii.

1455 327 1515 391 ²15

255 524 366 586 decem
385 524 509 602 marcis,
526 538 557 584 et
572 523 702 604 quando
728 523 865 584 lacobus
882 520 998 602 jurabit
1020 537 1096 585 tunc
1114 524 1273 585 tenebitur
1290 524 1357 605 ipse
1374 523 1519 584 Andreas

257 632 381 693 solvere
405 650 532 711 grossos
556 630 726 712 predictos.

362 737 437 798 ltem
464 756 591 798 causam
617 737 698 797 inter
730 736 920 818 Dyonisium
950 751 980 796 et
1006 735 1194 797 Thomaslro
1229 751 1382 798 sartorem
1408 755 1517 817 proro-

254 857 410 924 gaverunt
433 862 535 924 usque
559 842 699 924 primum
724 843 891 923 judicium.

323 1080 417 1154 Feria
448 1091 544 1154 sexta
571 1093 649 1154 ante
675 1083 797 1154 festum
827 1086 1000 1154 beatorum
1030 1080 1164 1154 Fabiani
1193 1093 1225 1153 et
1255 1084 1445 1155 sebastiani

791 1210 981 1278 martirum.

649 1358 713 1438 (15.
729 1362 881 1437 januarii,
903 1379 973 1421 ann.
999 1355 1111 1438 1462).

365 1500 442 1562 Item
468 1501 572 1582 primo
598 1501 715 1561 Paulus
740 1499 932 1583 Jagychycn
961 1499 1106 1562 Thomas
1128 1502 1325 1584 Strozkoych
1349 1517 1380 1563 et
1404 1503 1516 1564 Domi·

258 1609 349 1669 nicus
371 1606 512 1669 carnifex
537 1608 665 1668 racione
688 1607 879 1687 suspicionis
907 1607 1103 1688 recepcionis
1127 1608 1291 1668 cuiusdam
1318 1609 1393 1690 palii
1422 1610 1514 1671 Eme·

256 1714 311 1775 rici
338 1714 487 1796 Kaczyan
514 1713 648 1774 valentis
672 1713 753 1774 duos
778 1712 858 1790 lion,
891 1713 1028 1794 quilibet
1053 1733 1163 1774 eorum
1189 1713 1303 1791 juravit
1334 1715 1517 1778 terciusmet

255 1835 284 1880 et
309 1840 342 1880 se
367 1833 632 1901 expurgaverunt.

363 1926 439 1988 ltem
466 1927 539 1987 bina
558 1927 625 1987 vice
643 1927 877 2008 proclamatum
901 1939 947 1986 est
971 1945 1067 2007 super
1085 1925 1201 1987 domos
1220 1927 1384 1989 Benedicti
1404 1929 1517 1991 Hwala

255 2034 353 2115 patris
378 2031 532 2093 iohannis
547 2031 714 2109 carnificis,
739 2047 773 2094 ut
789 2033 812 2093 si
832 2033 904 2113 quis
926 2032 1056 2093 haberet
1074 2033 1180 2093 literas
1196 2047 1227 2095 et
1244 2035 1371 2096 easdem
1398 2035 1516 2116 produ-

254 2154 340 2200 ceret
365 2140 395 2200 in
414 2139 545 2215 judicio,
570 2139 649 2200 alias
672 2140 696 2199 si
716 2159 779 2200 non
798 2139 964 2220 producet,
982 2154 1096 2199 extunc
1113 2139 1275 2201 dabuntur
1292 2141 1381 2202 litere
1400 2144 1516 2221 (deest).

362 2245 438 2306 ltem
463 2247 559 2306 tercia
584 2247 652 2306 vice
678 2245 909 2325 proclamatum
942 2258 1105 2325 estsuper
1135 2259 1233 2305 terras
1266 2247 1394 2308 Andiee
1420 2246 1515 2308 lreni·

256 2353 350 2432 paris,
376 2366 409 2411 ut
433 2352 457 2411 si
482 2352 599 2432 aliquis
624 2351 753 2411 haberet
778 2351 884 2411 literas
916 2370 1011 2431 super
1035 2351 1167 2421 eisdem,
1192 2366 1221 2412 et
1253 2352 1277 2412 si
1304 2372 1368 2414 non
1394 2353 1510 2434 produ·

255 2473 376 2534 centur,
409 2472 523 2519 extunc
560 2458 720 2518 dabuntur
754 2457 844 2518 litere
884 2456 1057 2517 colendino
1092 2455 1326 2537 ireniparorum
1363 2460 1511 2522 videlicet

254 2566 352 2626 sancti
379 2565 505 2646 Tobye.

360 2671 436 2731 ltem
463 2671 695 2751 proclamatum
730 2685 774 2730 est
806 2670 902 2730 tercia
935 2669 1002 2729 vice
1026 2688 1121 2751 super
1154 2672 1280 2732 vineam
1308 2672 1447 2734 Ladislai
1473 2673 1514 2736 de

255 2775 392 2851 Babcha,
418 2792 451 2836 ut
475 2777 499 2836 si
535 2777 651 2857 aliquis
684 2777 814 2836 haberet
847 2776 925 2854 jura,
958 2773 1123 2855 producat,
1156 2791 1186 2838 et
1217 2779 1242 2837 si
1268 2797 1333 2838 non
1359 2779 1515 2860 producet

253 2898 368 2944 extunc
393 2883 554 2944 dabuntur
579 2883 668 2944 litere
694 2883 853 2943 Ztanltoni
879 2883 973 2943 ribar.

359 2991 435 3050 ltcm
462 2991 553 3068 jurati
579 2989 843 3066 adjudicaverunt
872 2989 946 3049 dare
972 2988 1078 3049 literas
1110 2990 1248 3050 consorti
1276 2991 1360 3051 Luce
1384 2993 1512 3069 sutoris,

252 3098 326 3176 quia
346 3097 456 3158 Petrus
469 3097 581 3157 eteius
605 3115 735 3156 consors
753 3094 878 3155 nullum
892 3095 939 3171 jus
956 3108 986 3156 et
1002 3095 1223 3163 testimonium
1241 3098 1375 3176 probare
1397 3099 1513 3177 potuit,

253 3203 311 3284 ipsi
338 3216 528 3283 perpetuum
554 3203 720 3263 silencium
747 3202 947 3283 inponentes.

360 3309 435 3369 ltem
461 3308 554 3385 jurati
579 3308 844 3384 adjudicaverunt
873 3327 1002 3368 causam
1036 3309 1117 3368 inter
1142 3308 1335 3389 Dyonisium
1359 3324 1511 3371 sartorem

253 3434 284 3477 et
310 3414 498 3476 Thomasko
522 3429 687 3490 sartorem,
713 3429 743 3475 et
761 3416 836 3495 quia
855 3413 995 3496 prelatus
1020 3413 1194 3496 Dyonisius
1210 3428 1311 3474 sartor
1329 3429 1514 3497 procurator

253 3523 379 3582 illarum
405 3520 584 3602 puellarum
611 3541 673 3581 non
708 3523 856 3601 probaret
881 3535 989 3582 contra
1016 3520 1118 3601 ipsum
1145 3519 1319 3598 Thomam,
1345 3521 1418 3582 ideo
1445 3523 1510 3604 ipse

254 3628 360 3708 puelle
385 3643 415 3688 et
442 3628 507 3708 ipse
534 3628 563 3686 in
590 3646 724 3707 persona
743 3627 928 3688 earumdem
947 3627 1111 3688 convictus
1128 3641 1173 3686 est
1199 3627 1229 3687 in
1256 3627 1329 3687 vivo
1347 3626 1508 3708 homagio.

358 3733 435 3793 ltem
460 3732 602 3814 prefatus
627 3733 801 3815 Dyonisius
825 3748 926 3795 sartor
960 3731 1096 3794 eandem
1122 3751 1249 3793 causam
1275 3733 1448 3814 appellavit
1473 3735 1512 3795 ad

253 3840 394 3900 seniores
419 3838 549 3917 judices.

252 4059 398 4128 Sabbato
428 4057 577 4145 proximo
615 4068 692 4128 urite
721 4059 843 4128 festum
881 4061 1055 4129 beatorum
1085 4057 1221 4130 Fabiani
1261 4071 1293 4130 et
1321 4060 1512 4131 sebastiani

786 4181 974 4252 martirum.

761 4335 823 4403 (16.
841 4336 1009 4412 forestarii).

359 4474 435 4535 ltem
460 4475 498 4535 sd
524 4476 717 4557 peticionem
736 4476 959 4556 religiosorum
986 4477 1127 4537 virorum
1146 4475 1277 4537 fratrum
1295 4478 1394 4538 sancti
1414 4476 1511 4537 Fran·

250 4581 336 4653 cisci,
360 4583 458 4641 sancti
485 4581 609 4642 Nicolai
636 4596 666 4643 et
685 4582 921 4643 Heremitarum
948 4598 978 4644 et
1003 4583 1141 4643 aliorum
1170 4585 1345 4664 proborum
1369 4583 1511 4643 virorum

252 4686 331 4749 facta
360 4702 405 4748 est
430 4689 648 4749 misericordia
674 4688 834 4769 Gregorio
852 4689 999 4770 Burdych
1025 4690 1085 4750 civi
1112 4690 1196 4751 dicte
1221 4690 1357 4751 civitatis
1382 4703 1512 4772 propter

251 4790 535 4856 blasfemacionem
561 4811 591 4857 et
624 4797 781 4877 vituperia
813 4796 864 4856 dei
894 4812 925 4856 et
957 4797 1048 4858 beate
1080 4796 1180 4856 Marie
1205 4797 1338 4877 virginis
1361 4811 1391 4857 ct
1422 4816 1510 4858 sanc·
