3488 5272
238 349 301 413 310
601 332 687 389 Anno
710 326 804 407 1466.
832 364 874 374 -
897 326 947 392 16.
969 330 1131 389 decembris.

343 542 420 605 Item
447 542 479 603 in
503 540 587 603 facto
613 541 755 621 magistri
774 541 941 603 Michaelis
958 539 1139 618 baccalarii,
1163 538 1221 601 filii
1245 538 1384 601 condam
1402 538 1507 601 blasii

236 649 352 730 judicis
376 650 503 711 racione
525 648 776 710 demactacionis
792 647 1009 730 quorumdam
1037 647 1207 710 hamorum
1225 646 1352 709 cuidem
1376 645 1506 709 homiui

236 770 387 818 extraneo
411 754 503 833 fecte,
521 755 615 836 Jurati
639 754 874 834 adjudicarunt,
899 754 988 835 quod
1006 754 1072 836 ipse
1092 753 1242 834 magister
1268 752 1406 815 Micheel
1423 772 1502 815 con·

237 863 337 922 victus
362 877 408 922 est
432 876 540 922 contra
567 861 706 941 judicem
731 874 761 922 et
782 861 902 937 juratos
927 861 958 921 in
984 860 1096 922 decem
1115 859 1221 941 pensis
1245 857 1453 921 denariorum
1471 873 1504 920 et

237 968 413 1049 dampnum
439 969 544 1050 ipsum
569 968 694 1029 solvere
718 969 890 1029 tenebitur.

344 1074 421 1135 Item
447 1093 574 1135 causam
609 1074 690 1135 inter
722 1074 923 1135 Anthonium
956 1072 1095 1154 juratum
1129 1070 1331 1153 Thermsyeh
1359 1082 1391 1131 et
1422 1069 1508 1131 inter

237 1180 415 1240 Fabianum
436 1179 632 1262 Hervvathyn
650 1180 782 1257 dictum,
801 1198 897 1260 quern
920 1179 985 1260 ipse
999 1176 1184 1239 Anthonius
1199 1195 1258 1259 pro
1275 1175 1342 1238 filio
1360 1194 1507 1258 assump-

236 1300 319 1347 serat
343 1299 374 1345 et
397 1299 570 1367 receperat,
603 1286 657 1366 qui
691 1286 854 1346 Fabianus
886 1284 1060 1345 ultrociens
1084 1285 1124 1344 ab
1157 1284 1272 1344 eodem
1297 1282 1421 1344 salisset
1443 1301 1507 1343 nec

237 1391 342 1452 eidem
368 1391 499 1453 obedire
525 1392 637 1470 voluit,
662 1391 754 1471 jurati
781 1390 1017 1470 adjudicarunt,
1042 1390 1130 1471 quod
1156 1390 1223 1472 ipse
1247 1387 1432 1451 Anthonius
1455 1386 1506 1469 ju·

236 1513 322 1559 ratus
346 1498 450 1559 eidem
477 1499 621 1560 Fabiano
646 1498 727 1558 nihil
752 1498 827 1558 dare
852 1511 1024 1574 teneretur,
1046 1515 1106 1556 nec
1130 1496 1234 1577 ipsum
1260 1494 1394 1557 ulterius
1417 1494 1503 1556 circa

236 1627 268 1665 se
293 1625 429 1680 servare,
453 1606 508 1665 sed
534 1620 641 1667 tamen
667 1605 706 1666 ad
736 1605 930 1687 peticionem
965 1605 1106 1685 ipsorum
1140 1603 1317 1683 juratorum
1342 1602 1410 1684 ipse
1434 1605 1504 1663 An-

240 1711 369 1773 thonius
394 1710 594 1793 Thermsych
612 1712 670 1792 ipsi
697 1712 841 1772 Fabiano
859 1730 958 1771 unum
977 1710 1045 1771 flor.
1070 1708 1233 1770 auridum
1257 1727 1377 1770 annum
1395 1707 1506 1770 Blasio

241 1818 338 1899 judici
364 1818 521 1880 deserviet
546 1833 575 1880 et
599 1818 698 1896 finiet,
723 1819 798 1879 dare
823 1817 979 1899 promisit.

305 2055 400 2128 Feria
431 2060 536 2127 tercia
566 2056 719 2145 proxime
749 2066 827 2127 ante
856 2057 977 2126 festum
1007 2056 1096 2125 beati
1124 2054 1250 2125 Thone
1277 2054 1433 2143 apastoli.

747 2207 811 2285 (16.
835 2210 1005 2283 decembris).

344 2348 420 2408 Item
445 2350 540 2409 tercia
567 2351 635 2410 vice
661 2350 893 2429 proclamatum
920 2364 1077 2430 estsuper
1102 2348 1244 2430 quodam
1270 2347 1373 2410 fundo
1398 2366 1503 2409 vacuo

239 2454 269 2513 in
296 2453 366 2513 vico
392 2455 540 2514 exteriori
563 2469 709 2515 sutorum
735 2453 871 2515 condam
893 2455 1014 2515 Mathie
1039 2454 1156 2516 sutoris
1180 2454 1273 2534 nigri,
1297 2453 1387 2514 cuius
1410 2452 1503 2514 litera

238 2559 405 2619 casualiter
429 2580 446 2619 a
472 2559 629 2621 Michaele
655 2559 791 2640 pellifice
816 2560 921 2622 existit
954 2560 1132 2641 deperdita,
1157 2579 1254 2640 quern
1280 2558 1417 2620 fundum
1442 2558 1504 2619 Mi-

238 2665 326 2726 chael
352 2664 492 2745 pellifex,
518 2666 692 2726 modernus
720 2667 853 2746 juratus,
886 2666 1032 2728 vendidit
1059 2666 1223 2727 Anthonio
1256 2664 1374 2726 seniori
1399 2664 1506 2744 jurato

239 2786 403 2850 tamquam
429 2773 668 2832 commissarius
700 2773 857 2833 consortis
889 2772 1032 2832 eiusdem
1067 2772 1205 2832 condam
1235 2771 1354 2833 Mathie
1379 2772 1505 2848 sutoris,

240 2892 270 2937 et
295 2879 465 2938 commissa
492 2894 536 2938 est
562 2879 628 2939 eiari
663 2880 768 2940 eidem
805 2879 970 2940 ,hitthonio
996 2878 1099 2958 jurato
1133 2880 1222 2939 litera
1248 2880 1287 2939 de
1312 2898 1398 2939 novo
1422 2877 1505 2939 dicte

240 2986 385 3045 civitatis.

348 3091 423 3152 item
451 3092 481 3151 in
516 3092 599 3152 iacto
632 3092 765 3173 provide
799 3093 929 3152 domine
963 3091 1136 3152 Kmherine
1169 3091 1326 3152 consortis
1350 3089 1505 3151 Anthonii

244 3197 352 3273 North,
377 3200 513 3258 senioris
538 3199 629 3273 jurati
657 3214 686 3260 et
712 3200 853 3259 concivis
871 3200 980 3275 nostri,
1006 3199 1133 3258 racione
1159 3198 1340 3259 debitorum
1367 3196 1504 3258 condem

245 3304 396 3365 Demetrii
424 3307 539 3365 rasoris
570 3307 677 3385 generi
712 3320 741 3365 et
767 3306 830 3365 hlie
865 3306 1020 3379 eiusdem,
1054 3325 1116 3384 que
1149 3305 1256 3365 debita
1282 3305 1348 3386 ipsa
1374 3305 1505 3364 dominu

243 3412 442 3471 conscribere
468 3410 552 3488 iecit,
577 3410 652 3471 ieris
671 3426 755 3471 sexta
781 3413 925 3491 proxime
944 3426 1075 3471 ventura
1094 3412 1259 3471 terciamet
1284 3410 1429 3492 personis
1444 3410 1505 3471 sibi

246 3517 404 3576 similibus
430 3518 578 3578 videlicet
602 3518 795 3577 dominabus
824 3516 926 3591 jurare
952 3517 982 3575 in
1002 3537 1053 3575 ara
1071 3531 1177 3577 sancte
1203 3517 1315 3577 Crucis
1332 3516 1504 3593 tenebitur,

244 3623 331 3701 quod
360 3624 416 3702 ipsi
442 3638 544 3683 turtius
576 3624 744 3703 peccunias
769 3637 903 3703 quantas
934 3623 1038 3683 eidem
1065 3623 1219 3683 concessit
1245 3638 1273 3682 et
1299 3623 1337 3683 ad
1374 3621 1504 3684 eosdem

242 3730 401 3807 esposuit,
426 3730 530 3789 eidem
556 3731 770 3809 obligaturum
807 3749 863 3810 pro
889 3731 983 3789 rebus
1007 3750 1082 3789 vero
1122 3748 1201 3809 ques
1227 3730 1292 3810 ipsa
1317 3732 1376 3789 sub
1401 3743 1505 3792 aresto

244 3836 372 3913 recepit,
398 3837 508 3895 eadem
536 3856 635 3916 ttsque
661 3838 794 3897 tercium
821 3836 905 3896 diem
933 3836 1041 3910 iuratis
1071 3837 1288 3897 demonstrare
1314 3851 1459 3897 teneatur
1475 3850 1505 3897 et

244 3960 343 4018 usque
370 3957 517 4001 ‹ictuvum
543 3942 627 4001 diem
654 3942 693 4002 de
719 3943 865 4022 potencia
892 3942 1041 4002 videlicet
1066 3944 1104 4002 de
1131 3942 1241 4002 decem
1268 3944 1382 4003 marcis
1407 3943 1503 4017 judici

243 4061 273 4106 et
299 4046 406 4119 juratis
431 4048 682 4107 satisfaccionem
710 4049 894 4128 impendere
913 4050 1081 4109 terrebitur.

349 4153 423 4214 item
451 4154 541 4226 jurati
568 4155 831 4223 adjudicaverunt
858 4154 975 4215 factum
1001 4155 1100 4216 illene
1126 4156 1269 4236 privigne
1296 4156 1428 4216 Fabiani
1454 4177 1505 4216 su·

242 4260 319 4318 toris
345 4260 553 4341 nescivere
579 4261 666 4331 dicti,
691 4262 769 4321 civis
801 4261 883 4321 dicte
916 4263 1062 4339 ‹·ivi1a1is‚
1091 4282 1153 4342 que
1187 4262 1376 4343 reprehensa
1402 4278 1447 4323 est
1473 4264 1504 4323 in

242 4366 400 4425 maleficio
434 4367 580 4427 videlicet
616 4366 828 4445 ittgttiacionis
860 4369 948 4447 pueri
985 4369 1031 4428 sui
1066 4388 1161 4447 quent
1196 4370 1262 4449 ipsa
1296 4369 1429 4450 projecit
1464 4369 1504 4430 ad

243 4472 364 4533 fontem
392 4475 422 4533 in
450 4476 519 4533 sico
538 4474 722 4533 carnificum
748 4474 836 4553 quod
863 4475 928 4554 ipsu
946 4475 1081 4534 solamet
1099 4472 1177 4534 sassa
1200 4472 1259 4535 fuit
1285 4477 1314 4536 in
1333 4489 1505 4553 tonnent0,

244 4599 307 4659 quo
334 4594 469 4641 mortem
496 4580 633 4640 incendii
659 4591 789 4661 propter
813 4578 997 4640 huiusmodi
1016 4578 1139 4640 facinus
1155 4582 1331 4662 promereri
1357 4581 1504 4660 debebat,

244 4687 298 4745 sed
324 4702 429 4746 tamen
456 4688 522 4768 ipsa
548 4706 633 4747 mors
658 4686 796 4747 incendii
823 4686 927 4747 eidem
955 4702 999 4748 est
1017 4686 1166 4763 relaxata,
1192 4689 1425 4769 propterquod
1444 4688 1502 4770 ipsi

242 4792 359 4855 debent
378 4794 497 4875 precitii
516 4792 641 4855 iimbria
659 4794 921 4856 vestimentorum
939 4812 1070 4853 suorum
1089 4807 1119 4855 et
1136 4795 1207 4856 trite
1225 4795 1337 4879 cattitis
1357 4795 1502 4857 eiusdem
