3488 5272
617 361 703 418 Anno
726 357 820 438 1468.
846 396 887 404 -
913 374 959 436 15.
976 362 1126 438 junuarii.
1446 380 1508 445 327

246 573 509 633 inconvenienter
533 586 564 632 et
587 573 655 633 sine
681 573 749 654 lege
775 574 968 655 recepissent
994 574 1054 634 sibi
1088 573 1209 655 palium
1234 593 1328 634 suum
1354 593 1427 635 cum
1452 574 1507 636 ho·

246 699 322 740 nore
347 699 405 740 suo
431 679 536 740 eidem
562 680 695 740 reddere
714 658 901 741 debuissenl
923 694 953 741 et
975 680 1158 754 restituere3
1183 679 1273 740 cuius
1291 681 1418 762 birsagii
1445 682 1508 743 due

244 800 348 866 partes
373 785 485 862 actori,
508 785 604 846 tercia
630 806 706 847 vero
731 805 804 867 pars
834 785 942 865 juratis
975 786 1057 848 dicte
1083 787 1218 847 civitatis
1242 788 1356 847 cedere
1381 787 1507 850 debeat.

350 891 427 952 ltem
460 910 588 952 causam
623 892 704 952 inter
737 891 936 952 Demetrium
969 892 1092 969 Palecz,
1125 892 1164 953 de
1194 891 1337 971 Raboch,
1363 906 1393 954 et
1426 892 1508 955 inter

246 996 400 1058 Mathiam
426 1011 579 1058 sartorem
610 1017 765 1077 generum
783 997 911 1059 Andree
936 997 1142 1080 Symwnych,
1166 1018 1222 1080 per
1238 998 1358 1077 juratos
1382 999 1508 1078 adjudi-

245 1118 348 1165 catam
373 1119 404 1164 et
428 1123 483 1185 per
508 1105 611 1186 ipsum
638 1104 792 1166 Mathiam
826 1105 866 1165 ad
899 1124 957 1166 nos
988 1105 1130 1167 seniores
1161 1105 1282 1185 judices
1313 1107 1507 1189 appellatam

243 1210 349 1272 taliter
374 1212 575 1287 invenerunt,
603 1210 691 1291 quod
724 1212 791 1293 ipse
824 1211 936 1272 Palecz
962 1210 1059 1271 nichil
1092 1210 1187 1273 habet
1211 1231 1305 1292 agere
1330 1231 1402 1273 cum
1436 1213 1507 1295 ipso

245 1318 364 1378 Mathia
389 1336 447 1398 pro
473 1316 536 1377 illis
561 1316 670 1393 literis,
694 1317 749 1377 sed
774 1317 799 1377 si
826 1318 893 1397 ipse
919 1317 1031 1378 Palecz
1056 1316 1124 1377 vult
1152 1318 1276 1379 solvere
1302 1319 1360 1400 ipsi
1386 1319 1507 1381 Mathis

243 1425 349 1485 debita
378 1424 495 1504 quibus
519 1422 681 1503 obligatur
704 1423 764 1483 sibi
791 1424 856 1504 ipse
875 1422 1035 1502 Georgius
1060 1422 1277 1506 Jelowchych,
1301 1438 1415 1485 extunc
1441 1425 1507 1507 ipse

245 1530 381 1591 Mathias
404 1529 565 1590 tenebitur
583 1530 657 1588 dare
683 1529 789 1589 literas
808 1530 865 1610 ipsi
890 1528 1013 1606 Palecz,
1038 1529 1109 1589 etsi
1128 1530 1287 1611 persolvet
1310 1531 1377 1612 ipse
1395 1531 1507 1592 Palecz

245 1637 348 1717 ipsum
375 1636 530 1712 debitum,
556 1649 670 1696 extunc
696 1635 829 1696 liberam
864 1634 1023 1697 vendendi
1050 1635 1104 1695 illa
1129 1638 1212 1696 bona
1237 1650 1267 1696 et
1291 1637 1507 1718 possessiones

242 1763 303 1823 que
329 1756 444 1803 sonant
470 1743 500 1802 in
528 1742 603 1822 ipsis
625 1742 725 1802 literis
750 1741 1004 1823 inpignoraticiis
1029 1740 1158 1803 habebit
1183 1741 1378 1805 facultatem.

349 1849 425 1908 ltem
451 1849 482 1908 in
510 1848 592 1908 lacto
618 1848 705 1908 illius
729 1847 829 1908 debiti
853 1847 964 1909 decem
991 1846 1059 1907 flor.
1077 1848 1156 1924 auri,
1181 1867 1246 1928 quo
1263 1849 1401 1910 condam
1426 1848 1506 1911 Gre-

241 1955 352 2033 gorius
376 1954 536 2014 coloratos
561 1972 740 2034 pannorum
757 1952 862 2013 eidem
888 1952 1041 2014 Conrado
1059 1953 1188 2014 llawsar
1212 1954 1425 2034 obligabatur,
1443 1974 1506 2035 que

244 2059 301 2120 fuit
327 2080 383 2141 per
408 2060 527 2137 juratos
551 2058 731 2136 adjudicata
756 2074 787 2120 et
811 2059 850 2120 ad
876 2079 935 2119 nos
958 2059 1100 2119 seniores
1119 2058 1240 2136 judices
1263 2060 1434 2142 appellata,
1451 2080 1507 2143 per

243 2167 516 2247 composicionem
543 2168 718 2247 proborum
754 2166 895 2226 virorum
929 2163 1064 2225 eandem
1098 2164 1264 2226 dominam
1297 2165 1505 2228 Katlrerinam

242 2272 382 2331 relictam
410 2272 509 2352 ipsius
534 2272 670 2331 condam
697 2270 851 2331 Anthonii
879 2270 976 2331 llotth
1012 2271 1148 2350 quittam
1171 2285 1201 2331 et
1232 2271 1412 2353 expeditam
1438 2273 1505 2354 ipse

242 2376 412 2437 Conradus
438 2379 569 2437 llawsar
600 2378 728 2438 demisit
761 2392 792 2438 et
823 2378 963 2458 reliquit,
993 2396 1051 2437 nec
1076 2376 1209 2437 ulterius
1242 2378 1342 2459 ipsam
1375 2398 1503 2440 causam

241 2498 350 2543 contra
384 2484 485 2564 ipsam
518 2483 681 2564 prosequi,
713 2498 744 2546 et
776 2483 835 2544 hoc
867 2503 974 2544 coram
1008 2483 1100 2548 nobis
1131 2482 1312 2545 senioribus
1345 2483 1504 2563 judicibus

241 2588 481 2669 complanatum
507 2590 621 2651 existit.

269 2788 361 2861 Feria
392 2800 488 2861 sexta
516 2790 666 2880 proxima
695 2800 773 2862 ante
810 2791 930 2862 lestum
960 2789 1049 2862 beati
1077 2789 1234 2863 lothorii
1263 2791 1477 2869 contessoris.

564 2916 616 2986 vel
645 2923 720 3004 post
749 2915 871 2986 festum
900 2915 1171 3004 Epiphaniarum.

637 3070 697 3144 (15.
712 3069 863 3144 jorranni,
887 3088 957 3128 ann.
984 3064 1093 3146 1468).

346 3209 422 3270 ltem
448 3209 524 3290 quia
556 3228 618 3269 una
651 3209 742 3270 litera
774 3209 900 3291 providi
932 3209 990 3270 viri
1024 3209 1214 3271 Thomasko
1245 3211 1375 3272 sartoris
1406 3231 1501 3293 super

240 3318 379 3397 quadam
404 3315 496 3375 vinea
521 3335 577 3375 sua
602 3315 633 3375 in
658 3315 818 3376 territorio
842 3314 925 3377 dicte
948 3316 1085 3376 civitatis
1113 3315 1231 3394 habita,
1257 3318 1361 3398 ipsum
1385 3337 1403 3377 a
1428 3337 1500 3399 pro·

240 3425 314 3483 vido
340 3425 408 3483 viro
435 3423 591 3503 llyonisio
617 3421 796 3503 Sypchych,
821 3422 945 3482 seniore
971 3422 1073 3497 iurato
1098 3437 1128 3484 et
1152 3424 1221 3484 cive
1245 3423 1329 3485 dicte
1353 3424 1500 3501 civitatis,

241 3530 460 3610 exempcionis
484 3528 578 3589 titulo
602 3543 825 3606 concernente,
850 3528 966 3607 habita,
984 3548 1040 3610 per
1057 3532 1161 3611 ipsum
1187 3529 1375 3591 Thomasko
1399 3544 1500 3590 sarto·

240 3657 305 3696 rem
332 3636 467 3716 provido
493 3634 561 3695 viro
586 3635 693 3695 Blasio
719 3635 867 3713 institori,
897 3635 1015 3695 seniori
1047 3635 1150 3713 jurato
1175 3651 1206 3697 et
1230 3637 1353 3697 concivi
1379 3650 1499 3714 nostre,

239 3744 277 3803 ad
304 3743 559 3803 conservandum
592 3742 665 3802 data
689 3757 720 3803 et
752 3742 901 3823 reposita,
934 3756 1028 3824 prout
1053 3741 1112 3803 hoc
1144 3743 1211 3824 ipse
1236 3743 1360 3804 Blasius
1391 3762 1498 3803 coram

240 3850 333 3909 nobis
358 3848 475 3926 retulit,
500 3850 540 3907 ab
565 3848 680 3909 eodem
707 3848 813 3909 Blasio
841 3849 1009 3910 casualiter
1039 3849 1204 3930 deperdita
1230 3866 1294 3925 est;
1318 3869 1382 3931 que
1408 3850 1497 3911 litera

239 3958 277 4016 ad
312 3955 555 4015 trinalorensem
589 3955 748 4036 publicam
781 3956 1071 4037 proclamacionem
1104 3976 1161 4037 per
1192 3976 1346 4037 precones
1374 3973 1499 4018 nostros

238 4083 427 4123 communes
452 4082 506 4142 per
524 4082 582 4122 nos
598 4061 665 4122 lieri
688 4063 892 4122 commissam
927 4061 1040 4122 nullibi
1061 4064 1189 4143 reperiri
1208 4063 1324 4144 potuit,
1349 4063 1422 4125 ideo
1440 4082 1498 4124 nos

239 4171 360 4230 literani
387 4189 504 4228 novam
528 4189 623 4249 super
647 4169 799 4250 premissa
825 4169 916 4228 vinca
934 4168 1037 4228 eidem
1064 4169 1093 4228 T
1098 4168 1252 4230 homasko
1276 4170 1387 4230 sartori
1413 4169 1497 4248 juxta

240 4278 338 4358 ipsius
362 4276 498 4336 civitatis
520 4275 785 4336 consvetudinem
818 4275 884 4336 dari
910 4275 1131 4336 commisimus
1155 4291 1185 4337 et
1209 4276 1344 4337 eandem
1370 4277 1496 4337 vineam

238 4384 343 4443 eidem
370 4383 548 4444 statuimus.

345 4489 421 4549 ltem
448 4490 521 4569 quia
547 4489 642 4550 tercia
667 4489 734 4549 vice
759 4488 992 4570 proclamatum
1018 4502 1063 4549 cst
1087 4507 1182 4570 super
1206 4488 1348 4568 quodam
1374 4487 1496 4548 molen-

238 4598 315 4656 dino
340 4617 374 4656 ac
400 4597 490 4656 terris
506 4596 681 4656 arabilibus
705 4595 918 4672 censualibus,
943 4615 1005 4675 que
1024 4594 1160 4655 condam
1187 4595 1280 4655 l’ctro
1305 4594 1497 4656 Teutonico

237 4701 464 4762 archidiacono
491 4703 626 4763 Kemlelc
650 4716 681 4763 et
712 4702 869 4763 canonico
894 4701 1027 4762 ecclesie
1056 4702 1271 4779 zagrabiensis
1295 4702 1497 4783 inpignorate

237 4828 293 4890 per
316 4809 453 4870 condam
479 4807 672 4887 lohannem,
691 4808 780 4869 llana
796 4808 929 4886 dictum,
948 4805 1131 4888 lapicidam,
1147 4821 1179 4870 et
1194 4806 1323 4869 tandem
1349 4807 1496 4892 Mylycze
