3488 5272
650 287 849 364 Ann01455·
875 300 986 364 -13.
1002 287 1095 362 sitnit'.

248 498 303 560 lati
329 498 471 561 Conradi
497 500 628 562 llawsar
652 498 786 561 senioris
810 497 926 578 judicis
950 511 980 558 et
997 497 1138 558 concivis
1162 498 1262 559 nostri
1287 499 1382 580 plene
1400 517 1513 561 sumus

247 605 351 668 edocti
377 621 407 668 et
432 606 614 684 informati;
636 622 666 670 et
691 607 766 688 quia
791 624 876 666 nunc
901 618 973 687 post
1001 619 1136 666 mortem
1163 604 1262 686 ipsius
1287 605 1416 688 Mathye
1442 625 1511 667 mo·

246 711 457 774 lendinatoris
481 733 539 775 nec
556 733 636 775 uxor
660 727 714 775 aut
731 712 839 774 relicta
865 711 976 794 ipsius,
1001 730 1106 792 neque
1124 711 1177 771 alii
1197 710 1330 773 heredes
1355 712 1424 772 eius
1440 731 1512 794 pre-

244 817 361 880 dictum
387 818 520 881 domurn
547 834 577 882 et
609 819 745 881 fundum
779 838 814 881 ac
847 818 999 880 celarium
1033 819 1277 879 subterraneum
1311 831 1342 879 et
1365 816 1512 880 hedificia

243 924 343 1006 ipsius
366 925 496 1009 Mathye
530 925 797 988 molendinatoris
830 946 846 987 a
877 922 1001 1007 prefato
1035 923 1186 986 Ladislao
1211 925 1326 987 cliente
1350 945 1409 1007 pro
1440 944 1512 1007 pre-

243 1029 337 1092 dictis
359 1031 424 1092 suis
448 1051 501 1093 sex
533 1031 602 1095 flor.
628 1033 696 1094 auri
730 1032 769 1093 ad
805 1031 922 1093 trinam
954 1029 1114 1093 forensem
1139 1045 1169 1092 et
1193 1032 1355 1114 publicam
1387 1031 1511 1114 procla-

243 1137 424 1200 macionem
451 1153 590 1201 nostram
617 1159 673 1222 per
697 1159 756 1200 nos
780 1158 868 1200 more
890 1139 987 1200 solito
1013 1137 1080 1200 lieri
1098 1139 1304 1201 commissam
1330 1152 1360 1201 et
1384 1137 1511 1217 factam,

243 1242 447 1325 aliquatenus
471 1245 627 1308 redimere
654 1245 837 1324 voluerunt,
862 1244 1001 1326 ideoque
1032 1264 1091 1306 nos
1115 1244 1251 1307 eandem
1276 1244 1411 1306 domum
1436 1263 1510 1306 cum

241 1349 342 1411 lundo
367 1366 397 1413 et
434 1353 553 1414 celario
585 1354 794 1414 subterraneo
827 1373 864 1413 ac
894 1350 1050 1413 hedificiis
1074 1351 1169 1412 unius
1200 1366 1312 1432 quarte
1338 1367 1368 1414 et
1399 1364 1511 1413 octove

242 1457 328 1518 curie
353 1478 424 1519 cnm
444 1459 606 1541 premissis
630 1459 752 1521 cunctis
768 1459 833 1520 suis
857 1458 1057 1536 utilitatibus,
1075 1457 1209 1538 juribus,
1234 1458 1344 1519 usibus
1367 1472 1398 1519 et
1414 1457 1510 1540 perti·

242 1564 364 1625 nenciis
389 1565 545 1626 universis
569 1566 670 1627 eciam
695 1565 800 1628 eidem
820 1565 971 1626 Ladislao
995 1564 1103 1626 clienti
1129 1583 1187 1646 pro
1212 1562 1343 1646 prelatis
1366 1564 1431 1625 suis
1454 1584 1508 1625 sex

241 1670 310 1732 llor.
335 1671 402 1731 auri
429 1671 557 1752 plenam
584 1671 744 1734 vendendi
777 1686 807 1734 et
837 1692 870 1734 se
902 1683 1088 1733 contentum
1115 1684 1145 1733 et
1176 1671 1318 1732 solutum
1353 1669 1509 1732 reddendi

241 1775 391 1838 dedimus
414 1792 445 1838 et
468 1779 672 1840 attribuimus
697 1777 891 1840 facultatem.

347 1883 423 1945 ltem
450 1884 560 1946 Petrus
585 1885 715 1968 Dragyn
741 1884 836 1946 debet
868 1883 908 1946 ad
934 1884 1073 1967 primum
1106 1883 1260 1965 judicium
1287 1884 1432 1967 proxime
1456 1902 1509 1945 oc·

239 2008 369 2050 currens
393 1990 570 2072 producere
595 2005 689 2053 testes
717 2010 800 2073 quos
832 1989 927 2052 babet
952 1991 984 2052 in
1018 1989 1101 2052 lacto
1126 1991 1208 2053 inter
1242 1991 1347 2072 ipsum
1373 2003 1403 2051 et
1428 1990 1509 2051 inter

240 2095 439 2158 Anthonium
467 2097 597 2160 Plezecz
622 2097 743 2176 habim,
768 2111 877 2159 contra
902 2098 1042 2159 eundem
1067 2096 1268 2159 Anthonium
1294 2096 1439 2160 Plezecz.

346 2202 423 2265 ltem
450 2203 560 2266 Petrus
586 2206 709 2266 Katana
735 2217 843 2265 contra
869 2202 1034 2286 Mathyam
1060 2219 1202 2266 sutorem
1228 2202 1370 2265 secundo
1395 2204 1508 2266 citatus

240 2327 304 2369 non
330 2310 521 2391 comparuit.

345 2415 421 2477 ltem
448 2415 624 2497 Gregorius
648 2417 851 2478 barbitonsor
876 2416 1020 2478 Percerta
1045 2415 1084 2476 ad
1110 2416 1347 2497 querimoniam
1376 2416 1504 2479 Martini

238 2540 349 2603 sporar
373 2523 469 2605 peciit
493 2523 552 2585 sibi
572 2544 626 2607 per
651 2543 709 2585 nos
733 2523 892 2604 justiciam
910 2523 1045 2585 civitatis
1067 2523 1211 2606 inpertiri
1237 2538 1347 2587 contra
1365 2524 1505 2586 eundem

240 2628 413 2691 Martinum
438 2650 558 2712 sporar.

348 2735 424 2798 ltem
450 2737 561 2799 l‘etrus
585 2738 709 2820 Ztoylm
735 2751 845 2800 contra
870 2757 1003 2799 uxorem
1028 2737 1204 2799 Ztankonis
1228 2736 1308 2799 fabri
1333 2737 1438 2819 primo
1463 2736 1506 2798 ci·

239 2856 321 2904 tutus
346 2862 409 2905 non
436 2845 625 2926 comparuit.

345 2951 421 3014 ltem
448 2952 543 3014 hodie
569 2966 614 3014 est
639 2951 719 3014 factu
745 2953 846 3034 prima
871 2951 1087 3034 proclamacio
1116 2970 1211 3032 super
1235 2951 1362 3013 vineam
1387 2950 1504 3012 Valen-

239 3058 295 3119 tini
323 3058 377 3119 lilii
404 3058 532 3120 'l'ltnnte
558 3061 706 3141 preconis
730 3058 769 3120 nd
796 3059 983 3120 instanciam
1011 3057 1175 3119 benedicti
1201 3055 1366 3119 aurifabri.

346 3164 422 3226 ltetn
451 3165 551 3226 lucus
570 3179 668 3240 sutor,
694 3165 825 3244 juratus,
845 3165 920 3246 quia
937 3164 1033 3226 hodie
1052 3177 1160 3225 eontra
1178 3163 1341 3225 Thomam
1367 3163 1504 3242 juratum

238 3270 358 3331 dictum
385 3271 518 3332 (thanen
546 3271 576 3332 in
602 3271 741 3333 termino
766 3271 825 3332 sibi
859 3271 933 3332 dato
959 3269 998 3331 ad
1025 3268 1286 3351 respondendum
1320 3289 1384 3329 non
1417 3287 1504 3329 com·

239 3376 342 3457 puniit
370 3396 427 3438 ner
453 3377 628 3459 respondit,
659 3378 732 3439 ideo
758 3377 861 3439 adhuc
888 3377 917 3437 in
943 3377 1048 3459 primo
1082 3375 1202 3454 judicio
1227 3374 1370 3456 proxime
1395 3394 1504 3436 occur·

239 3483 317 3543 renti
344 3483 383 3544 nd
408 3484 532 3559 obiectu
558 3499 586 3546 et
613 3484 854 3565 propositiones
881 3483 979 3565 ipsius
1002 3483 1130 3543 Thomu
1155 3481 1246 3560 jurati
1273 3481 1433 3543 tenebitur
1456 3501 1504 3543 re·

238 3590 407 3670 spondere.

292 3806 387 3881 letln
418 3820 513 3881 sena
544 3812 697 3898 ptnntnn
727 3816 799 3897 post
832 3808 953 3880 lestnm
988 3811 1077 3880 beati
1108 3808 1260 3879 barnabe
1288 3808 1444 3896 apostoli.

771 3976 832 4038 (tt.
858 3964 956 4024 lonii).

346 4104 421 4164 ltetn
449 4104 624 4182 (iteporins
660 4103 802 4164 l¹etcenn
836 4119 944 4164 cuturn
971 4103 1148 4183 lienrpium
1174 4103 1294 4165 dictum
1328 4104 1424 4184 lurga
1456 4124 1503 4167 se-

239 4209 345 4271 cundo
371 4210 484 4271 citatus
510 4229 572 4268 nnn
599 4210 786 4290 ciitnpntnit.

347 4315 421 4377 ltent
447 4316 585 4376 seenndn
612 4315 826 4396 prnrlrnnncio
862 4315 956 4375 lindie
987 4329 1031 4375 est
1058 4315 1137 4375 l'nctn
1171 4335 1265 4397 snper
1290 4317 1415 4377 vineam
1441 4316 1500 4378 Va·

239 4421 350 4482 lentini
377 4420 431 4481 lilii
459 4419 587 4481 'l'ltntne
614 4422 759 4501 pirannis
789 4419 826 4479 nd
863 4421 1049 4480 instnntlutn
1075 4420 1186 4501 'arelati
1223 4422 1386 4483 Benedicti
1418 4424 1502 4485 auri·

239 4527 317 4587 labri
341 4546 436 4606 snper
462 4548 511 4599 cn,
538 4542 569 4586 nt
606 4530 669 4607 ipse
704 4542 842 4585 nnnnnn
875 4526 904 4585 in
941 4530 1136 4604 presenciam
1170 4528 1277 4589 venire
1302 4542 1332 4590 et
1357 4528 1501 4591 debitum

239 4646 375 4713 qttutnnr
401 4632 469 4694 llor.
488 4633 555 4692 nuri
582 4652 646 4712 qno
673 4632 730 4711 ipsi
753 4631 924 4691 llenctlnto
949 4633 1110 4692 nnrilnbto
1135 4634 1261 4694 debitor
1286 4650 1377 4710 essct,
1394 4635 1500 4696 eidem

240 4738 415 4799 llenedictn
441 4738 603 4800 uttril'ubro
627 4739 763 4799 suli-etet
790 4752 817 4798 et
846 4755 946 4817 ipsuum
977 4738 1101 4799 vineunt
1127 4742 1166 4800 ab
1191 4760 1230 4801 eo
1255 4740 1434 4803 redimeret.
