3488 5272
480 1047 629 1145 (Anno
657 1046 840 1138 Domini
869 1043 1119 1147 mcccciv).

169 1383 260 1462 Item
289 1384 488 1462 notandum
516 1394 584 1477 est,
623 1384 718 1485 quod
755 1386 789 1460 in
828 1407 923 1460 anno
951 1384 1096 1460 Domini
1125 1384 1313 1461 millesimo
1351 1408 1436 1485 qua·

173 1510 457 1610 dringentesimo
495 1509 792 1609 quinquagesimo
831 1510 976 1608 quinto,
1013 1507 1104 1583 feria
1144 1517 1250 1583 sexta
1276 1510 1439 1607 proxima

173 1643 261 1735 post
289 1634 421 1711 festum
450 1635 548 1709 beati
577 1633 723 1735 Mathye
761 1635 920 1735 apostoli
948 1636 983 1709 in
1012 1634 1191 1710 domInica
1218 1635 1357 1710 scilicet
1385 1634 1436 1709 In·

170 1759 326 1850 vocavit,
369 1767 536 1855 tempore
568 1758 749 1857 judicatus
777 1759 923 1834 secundi
952 1757 1092 1833 Nicolai
1115 1756 1245 1855 judicis
1273 1756 1334 1833 [ilii
1361 1757 1434 1834 De-

171 1883 297 1973 metrii,
326 1905 477 1982 presens
505 1883 692 1959 katernum
728 1892 786 1958 est
824 1883 1065 1981 conscriptum
1102 1888 1140 1957 et
1167 1882 1273 1957 scribi
1302 1881 1437 1958 iactum

168 2029 277 2107 super
312 2005 451 2103 judiciis
489 2018 528 2083 et
564 2008 656 2083 actis
695 2016 861 2107 tempore
899 2005 1078 2105 presentis
1112 2005 1292 2102 judicatus
1327 2007 1436 2106 ipsius

167 2128 309 2206 Nicolai
341 2130 471 2230 judicis
510 2132 617 2208 modo
656 2141 694 2207 et
732 2131 857 2206 ordine
885 2129 1121 2230 infrascriptis
1151 2131 1433 2206 occurrentibus.

668 2340 737 2422 (28.
760 2339 938 2422 februaria).

741 2483 852 2544 Jurati.

485 2609 563 2670 Item
587 2607 770 2669 Anthonius
795 2606 948 2669 literatus.

486 2715 565 2777 Item
591 2713 772 2796 Stephanus
797 2713 932 2775 Institor.

486 2821 564 2882 Item
588 2820 743 2881 Nicolaus
766 2831 877 2880 sartor.

484 2927 561 2989 Item
586 2924 723 2987 Michael
752 2925 906 2986 literatus.

485 3033 562 3094 Item
588 3030 817 3093 Christoforus.

484 3139 561 3199 Item
587 3138 785 3201 Laurencius
808 3157 929 3220 sporar.

484 3245 562 3306 Item
588 3243 755 3305 Ladislaus
780 3243 1068 3327 Czaranthowych.

482 3350 558 3411 Item
584 3350 768 3411 Anthonius
791 3369 889 3430 gener
913 3351 1068 3412 Anthonii
1094 3350 1258 3411 Institoris.

702 3488 897 3555 ConsiliariI.

483 3617 562 3679 Item
588 3616 764 3699 Gregorius
788 3615 982 3699 Jagychych.

484 3724 561 3785 Item
586 3721 770 3785 Anthonius
795 3722 995 3804 Optasnych.

485 3830 562 3891 Item
589 3830 699 3890 Petrus
723 3828 902 3912 Zydarych.

482 3937 560 3998 Item
585 3936 706 4018 Symon
732 3955 838 3998 cocus.

485 4043 563 4105 Item
589 4044 750 4103 Barnabas
774 4043 915 4104 sororius
938 4042 1062 4104 domini
1088 4041 1261 4102 Ambrosii.

485 4152 562 4214 Item
588 4152 726 4212 Iacobus
754 4149 904 4212 carnifex.

486 4260 562 4321 Item
589 4259 765 4339 Gregorius
789 4257 940 4340 irenipar.

484 4367 561 4428 Item
588 4365 747 4445 Georgius
771 4378 881 4427 sartor.

487 4472 564 4534 Item
591 4472 709 4533 Paulus
732 4486 833 4533 sartor
858 4471 1113 4553 Filchehen'ych.

487 4581 565 4642 Item
591 4577 737 4660 Mathyas
761 4598 903 4660 arcupar.

488 4686 564 4750 Item
591 4686 710 4747 Paulus
733 4705 875 4768 arcupar.
