3488 5272
242 375 303 417 222
643 351 846 434 Ann01462.
871 388 914 399 —
938 368 985 417 11.
1008 355 1089 417 maii.

1234 460 1504 468 -——-—

286 575 381 648 Feria
411 575 517 647 tercia
547 573 698 664 proxima
728 583 804 663 post
833 575 955 645 festam
984 573 1071 646 beati
1098 571 1259 645 stanislai
1289 570 1459 643 martiris.

782 748 842 821 (11.
866 744 963 821 maii).

349 906 428 968 Item
451 905 685 988 proclamatum
719 917 765 965 est
797 904 987 965 secundario
1012 923 1107 985 super
1131 901 1232 964 fundo
1265 916 1295 963 et
1319 900 1405 962 civili
1432 920 1506 962 con·

244 1014 318 1076 dam
344 1013 497 1095 Stephani
521 1011 639 1074 sutoris
665 1010 801 1072 Kondek
834 1011 909 1071 dicti
935 1010 967 1071 in
992 1010 1064 1071 vico
1097 1008 1244 1072 exteriori
1270 1027 1326 1069 seu
1351 1007 1507 1068 suburbio

243 1120 325 1181 dicte
350 1118 486 1180 civitatis
510 1131 541 1179 et
564 1117 673 1178 nullus
697 1116 912 1178 contradictor
936 1117 1094 1198 apparuit.

351 1242 429 1304 Item
455 1241 687 1323 proclamatum
713 1254 758 1302 est
782 1241 879 1301 tercia
908 1241 976 1301 vice
1000 1261 1095 1322 super
1127 1240 1261 1301 domum
1286 1259 1341 1300 seu
1368 1237 1504 1299 fundum

244 1349 370 1410 discreti
396 1347 455 1408 viri
481 1347 604 1408 domini
636 1346 799 1408 Valentini
832 1346 961 1428 plebani
987 1346 1118 1408 ecclesie
1151 1345 1251 1407 sancti
1278 1345 1406 1407 Martini
1433 1363 1507 1405 con·

244 1454 370 1517 fessoris
403 1455 434 1515 in
468 1455 674 1535 Jampnycza,
707 1452 738 1513 in
764 1453 848 1514 dicta
880 1453 1007 1514 civitate
1040 1453 1151 1530 habiti,
1185 1467 1219 1514 ut
1251 1453 1318 1534 ipse
1342 1451 1452 1513 venire
1478 1451 1508 1512 in

245 1561 388 1623 medium
407 1559 506 1621 nostri
521 1558 629 1620 venire
649 1558 780 1619 deberet
796 1559 925 1620 racione
943 1558 1158 1620 desolacionis
1171 1558 1314 1619 eiusdem
1332 1570 1363 1619 et
1380 1570 1510 1639 propter

244 1669 431 1750 vigilaturas
455 1681 485 1729 et
508 1667 670 1729 custodias
691 1680 722 1728 et
744 1680 831 1727 taxas
848 1686 928 1748 quas
952 1685 1015 1728 non
1034 1664 1167 1749 perfecit
1189 1686 1224 1727 ac
1242 1666 1343 1727 eciam
1361 1663 1509 1746 dampnis

244 1776 358 1837 vicinis
390 1795 427 1837 ex
460 1775 573 1835 eadem
607 1773 706 1835 domo
738 1771 839 1851 lactis,
870 1788 901 1834 et
933 1774 1008 1855 quia
1038 1774 1105 1856 ipse
1136 1774 1288 1835 dominus
1320 1773 1510 1834 Valentinus

246 1882 346 1944 nostri
372 1882 403 1942 in
430 1880 628 1962 presenciam
653 1899 718 1940 non
751 1881 849 1956 venit,
882 1896 997 1942 extunc
1029 1880 1165 1942 eandem
1190 1880 1324 1941 domum
1358 1878 1397 1940 ad
1422 1897 1509 1939 com-

248 1988 440 2050 munitatem
464 1986 693 2068 occupavimus
717 1999 747 2047 et
772 2005 829 2067 pro
861 1985 1010 2069 dampnis
1035 1986 1148 2048 vicinis
1172 1984 1426 2047 satisfaccionem
1453 1984 1509 2044 im-

247 2094 387 2178 pendere
411 2091 642 2154 commisimus.

353 2217 430 2279 ltem
455 2216 552 2278 tercia
577 2216 646 2277 vice
664 2215 898 2297 proclamatum
924 2230 1081 2299 estsuper
1098 2214 1199 2278 fundo
1225 2216 1255 2277 in
1281 2215 1436 2277 suburbio
1453 2234 1509 2275 seu

246 2325 317 2385 vico
343 2323 489 2384 exteriori
515 2336 660 2383 sutorum
685 2321 811 2403 providi
836 2322 893 2383 viri
918 2322 1047 2384 Andree
1081 2322 1208 2400 sutoris,
1233 2322 1379 2383 moderni
1406 2321 1509 2399 jurati,

248 2430 360 2508 habiti,
384 2429 460 2511 quia
486 2429 571 2490 idem
596 2428 703 2489 literas
730 2448 825 2510 super
858 2429 973 2490 eodem
998 2429 1122 2490 habitas
1153 2429 1321 2491 casualiter
1345 2428 1511 2504 amisisset,

247 2551 278 2598 et
302 2537 326 2596 si
352 2536 425 2617 quis
442 2535 554 2595 eadem
573 2533 640 2613 jura
658 2535 790 2595 haberet
806 2548 861 2595 aut
879 2535 1011 2612 invenit,
1029 2535 1140 2596 eadem
1166 2536 1205 2596 ad
1224 2535 1386 2596 victimam
1405 2534 1510 2595 eidem

247 2644 381 2705 reddere
406 2642 548 2719 deberet,
574 2656 604 2702 et
628 2642 703 2722 quia
728 2641 837 2702 nullus
870 2643 1049 2724 comparuit
1074 2660 1182 2703 coram
1208 2643 1301 2703 nobis
1326 2641 1398 2701 ideo
1423 2659 1509 2701 com·

248 2751 394 2811 misimus
417 2747 521 2808 eidem
548 2746 623 2807 dare
648 2747 754 2807 literas
778 2760 987 2829 opportunas.

354 2873 430 2933 ltem
456 2872 496 2932 ad
522 2871 715 2951 peticionem
748 2872 866 2952 egregii
898 2872 1096 2952 Sigismundi
1133 2873 1327 2952 Keleberger
1352 2871 1508 2954 capitanei

249 2980 339 3041 castri
375 2978 498 3039 bledwe
531 2977 633 3037 vocati
671 2991 701 3036 et
735 2977 872 3038 aliorum
905 2979 1118 3059 plurimorum
1151 2979 1292 3040 virorum
1324 2981 1511 3060 proborum,

251 3085 357 3146 Blasio
376 3082 592 3164 Heruathych
611 3083 697 3142 dicto
715 3083 842 3143 devilia
861 3083 1025 3145 Cralewcz
1039 3086 1098 3145 sub
1116 3085 1230 3146 eodem
1257 3099 1358 3146 castro
1374 3085 1512 3160 Medwe,

250 3192 376 3252 racione
403 3189 475 3250 furti
503 3189 597 3249 unius
622 3190 719 3270 porci,
738 3210 833 3270 quem
857 3191 924 3272 ipse
942 3193 1138 3254 subtraxerat
1157 3193 1284 3252 Andree
1310 3193 1511 3254 molendina-

248 3298 308 3358 tori
336 3297 365 3356 in
391 3296 551 3356 territorio
570 3295 668 3375 ipsius
685 3296 821 3357 civitatis
845 3300 1071 3375 commoranti,
1096 3299 1200 3359 taliter
1223 3298 1301 3359 iacta
1327 3314 1373 3360 est
1391 3300 1511 3360 miseri·

249 3402 369 3478 cordia,
403 3401 490 3482 quod
516 3401 539 3460 si
566 3421 621 3481 per
655 3403 794 3482 amplius
828 3402 858 3462 in
891 3404 1052 3464 talismodi
1088 3404 1172 3465 furtu
1205 3420 1258 3465 aut
1282 3406 1346 3465 alio
1378 3406 1511 3466 crimine

250 3510 429 3590 dampnoso
454 3508 656 3588 reperiretur,
678 3523 792 3569 extunc
817 3524 847 3570 et
865 3511 1055 3591 premissum
1074 3512 1213 3593 primum
1233 3511 1384 3571 delictum
1407 3511 1509 3571 eidem

250 3616 335 3696 parci
361 3634 424 3673 non
451 3614 591 3691 deberet,
616 3615 670 3674 sed
704 3614 789 3692 juxta
823 3616 921 3696 ipsius
946 3617 1083 3678 civitatis
1115 3618 1378 3678 consuetudinem
1406 3616 1511 3698 puniri

251 3736 280 3781 et
306 3721 393 3782 nulla
419 3720 637 3781 misericordia
664 3720 741 3782 lieri.

355 3844 431 3904 ltem
457 3864 584 3904 causam
610 3845 690 3905 inter
714 3846 855 3906 relictam
882 3847 1019 3907 condam
1039 3848 1134 3908 Blasii
1161 3847 1274 3925 judicis
1299 3863 1329 3908 ct
1354 3848 1435 3909 inter
1454 3848 1511 3908 Mi·

251 3951 393 4011 chaelem
420 3952 632 4011 baccalarium
666 3951 766 4012 filium
794 3953 936 4014 eiusdem
971 3955 1098 4014 racione
1132 3955 1368 4015 verberacionis
1392 3970 1422 4015 et
1447 3975 1510 4015 non

252 4057 478 4117 honoracionis
510 4058 650 4137 predicte
676 4059 785 4118 matris
818 4079 872 4118 sue
905 4060 996 4138 jurati
1031 4075 1284 4140 prorogaverunt
1307 4061 1346 4120 ad
1372 4061 1510 4142 primum

251 4162 405 4240 judicium
443 4178 476 4223 ut
500 4164 524 4222 si
556 4181 683 4244 possent
717 4165 923 4243 concordare,
957 4167 1034 4226 etsi
1061 4188 1125 4226 non
1158 4182 1285 4248 possent
1318 4167 1512 4228 concordare

252 4283 325 4328 tunc
351 4267 404 4328 fiet
427 4268 580 4346 judicium
608 4285 711 4351 partes
736 4271 816 4331 inter
842 4271 980 4334 easdem.

359 4391 434 4452 item
461 4413 587 4453 causam
614 4395 694 4455 inter
720 4395 916 4456 l'ethlronem
943 4397 980 4455 dc
1007 4398 1137 4479 Dcdych
1164 4414 1193 4459 et
1220 4399 1404 4460 ladislaum
1429 4398 1512 4460 Cha·

255 4497 429 4579 ranthoych
456 4500 614 4559 seniorem
638 4502 774 4577 juratum
801 4516 830 4561 et
849 4503 1012 4562 concivem
1032 4519 1186 4582 nostrum,
1211 4505 1302 4587 jurati
1320 4506 1364 4566 sic
1388 4505 1512 4585 adjudi-

253 4619 414 4677 caverunt,
447 4606 521 4684 quia
555 4604 672 4666 lactum
707 4608 895 4688 premissum
930 4611 1017 4689 quod
1045 4611 1109 4691 ipse
1143 4611 1264 4672 l'ethko
1287 4632 1394 4673 coram
1419 4612 1513 4673 nobis

254 4723 361 4768 contra
390 4710 491 4788 ipsum
521 4712 703 4773 ladislaum
738 4729 960 4793 prosequatur,
994 4715 1023 4775 in
1057 4718 1171 4776 codem
1199 4719 1257 4797 ipsi
1285 4719 1434 4780 Ladislao
1466 4738 1512 4780 re·

255 4816 380 4892 mansit,
405 4818 479 4896 quia
505 4837 569 4877 rem
597 4818 658 4895 jam
685 4820 855 4898 judicatam
888 4837 1108 4903 prosequatur.
