3488 5272
240 284 301 365 362

614 287 813 362 Anno1470.
839 318 879 328 —
905 299 951 362 13.
969 283 1125 360 junuarii.

237 493 321 556 lacto
346 496 528 578 calumpnie
554 510 663 557 contra
689 496 792 579 ipsum
822 497 958 559 condam
987 496 1200 578 Symwnych;
1225 496 1264 558 de
1289 515 1354 577 quo
1380 495 1502 577 judicio

237 603 380 685 ipsorum
404 602 578 682 juratorum
605 623 670 664 non
695 616 863 664 contentus
886 605 927 665 ad
951 604 1093 664 seniores
1117 602 1292 685 appellavit
1316 601 1448 683 judices.

343 708 419 770 item
446 729 574 770 causam
600 709 681 770 inter
705 709 894 771 Thomasko
917 724 1072 771 sartorem
1089 724 1119 769 et
1137 708 1330 791 Dyonisium
1354 709 1502 771 similiter

237 828 401 893 sartorem,
424 816 584 876 seniorem
610 814 759 896 juratum,
784 836 843 895 pro
868 816 1010 898 dampno
1039 816 1150 876 decem
1176 830 1207 878 et
1230 831 1304 878 octo
1328 815 1397 877 flor.
1422 816 1502 894 auri,

238 920 325 999 quod
350 921 409 981 sibi
435 921 561 982 dicebat
587 921 743 982 intullisse
772 942 828 1004 per
861 922 999 983 eundem
1027 921 1217 1004 Dyonisium
1243 934 1396 983 sartorem
1422 935 1502 982 tem-

236 1044 313 1107 pore
339 1025 497 1105 judicatus
521 1026 633 1108 prelati
665 1028 803 1089 condam
836 1028 965 1089 Andree
991 1027 1197 1110 Symwnych,
1231 1042 1357 1089 etcum
1384 1027 1501 1089 eodem

238 1133 365 1194 Andrea
396 1134 502 1214 judice
526 1150 598 1216 post
629 1135 835 1195 concordiam
868 1135 949 1196 inter
986 1134 1087 1214 ipsum
1122 1132 1313 1215 Dyonisium
1345 1147 1500 1195 sartorem

238 1259 309 1299 cunr
336 1240 404 1320 ipso
430 1241 617 1301 Thomaslto
650 1240 775 1319 factam,
808 1255 901 1322 prout
926 1241 986 1301 hoc
1016 1240 1047 1300 in
1080 1239 1231 1301 catherno
1256 1254 1364 1301 nostro
1389 1259 1498 1322 supra-

238 1344 324 1406 dicto
349 1346 452 1407 existit
480 1347 706 1426 conscriptum,
731 1346 824 1425 jurati
854 1346 1089 1425 adjudicarunt,
1118 1347 1205 1426 quod
1231 1347 1297 1429 ipse
1322 1345 1498 1428 Dyonisius

238 1465 340 1512 sartor
364 1452 403 1512 ad
429 1452 540 1513 leriam
567 1469 686 1514 sextam
712 1453 890 1534 proximam
915 1452 1020 1531 jurare
1045 1453 1077 1512 in
1102 1472 1154 1513 ara
1179 1467 1285 1514 sancte
1310 1452 1424 1514 Crucis
1447 1472 1497 1513 so·

239 1558 355 1619 lusmet
379 1558 481 1637 jurare
505 1561 676 1637 tenebitur,
701 1559 790 1640 quod
820 1560 885 1640 ipse
911 1573 983 1641 post
1008 1560 1108 1640 ipsam
1134 1559 1270 1641 primam
1295 1559 1501 1620 concordiam
1563 1638 1566 1643 .

239 1663 320 1724 inter
345 1664 430 1745 ipsos
455 1664 570 1726 laetam
595 1665 719 1727 nullum
742 1666 919 1747 dampnum
937 1665 1107 1746 irrogavit;
1133 1680 1163 1726 et
1189 1665 1268 1726 dum
1285 1666 1388 1727 dictus
1413 1665 1500 1746 Dyo-

239 1769 339 1831 nisius
363 1770 490 1849 jurabit,
523 1772 589 1853 ipse
615 1771 804 1832 Thomasko
834 1772 1043 1833 convincetur
1078 1772 1108 1831 in
1136 1769 1219 1832 facto
1244 1772 1445 1853 calumpnie;
1470 1771 1501 1832 in

237 1876 302 1937 alio
327 1875 421 1954 lactu,
455 1878 513 1958 ipsi
547 1877 640 1957 jurati
675 1878 749 1958 quia
775 1878 841 1959 ipsa
875 1898 954 1938 uxor
983 1877 1171 1939 Thomaslto
1203 1877 1419 1957 juramentum
1444 1896 1503 1958 pro

237 1982 386 2064 dampnis
417 1982 476 2044 sibi
500 2003 557 2065 per
589 2000 767 2045 exactorem
799 1983 1055 2044 mardurinarum
1091 1985 1121 2044 in
1155 1985 1250 2045 rebus
1282 2000 1312 2045 et
1344 1984 1503 2045 clenodiis

237 2088 297 2149 sibi
325 2088 424 2166 lactis,
444 2108 506 2169 que
524 2089 663 2171 dampna
682 2091 747 2171 ipse
765 2090 900 2150 condant
918 2089 1061 2150 Andreas
1079 2089 1174 2168 judex
1191 2110 1285 2172 super
1302 2110 1334 2150 se
1359 2109 1502 2170 assump-

237 2209 319 2255 serat
343 2195 403 2256 sibi
428 2196 564 2273 solvere,
603 2197 627 2255 si
654 2195 786 2272 jurasset
811 2216 889 2256 uxor
913 2215 969 2255 sua
994 2210 1024 2256 et
1047 2196 1262 2274 juramentum
1289 2196 1501 2277 deposuisset,

238 2315 269 2362 et
294 2302 368 2382 quia
394 2302 461 2384 ipsa
487 2321 550 2362 non
582 2302 708 2382 juravit,
741 2322 817 2382 ergo
851 2303 916 2381 ipse
942 2301 1130 2362 'l'homasko
1163 2303 1194 2362 in
1228 2303 1317 2364 nullo
1351 2301 1501 2384 impediri

237 2408 389 2484 deberet;
413 2408 453 2469 de
478 2428 543 2489 quo
568 2408 689 2488 judicio
714 2407 889 2488 juratorum
926 2409 992 2488 ipse
1019 2408 1206 2469 Thomasko
1232 2429 1297 2469 non
1323 2422 1503 2485 contentus,

238 2515 373 2575 eandem
399 2534 527 2575 causam
553 2515 727 2596 appellavit
751 2514 789 2574 ad
815 2514 956 2575 seniores
979 2515 1109 2595 judices.

345 2621 421 2682 ltem
448 2621 523 2701 quia
540 2621 685 2681 Thomas
710 2622 869 2695 barbatus,
895 2634 1005 2698 sartor,
1025 2635 1134 2681 contra
1158 2620 1355 2681 Anthonium
1376 2619 1502 2681 fabrum

238 2727 343 2809 primo
368 2727 481 2788 citatus
507 2727 538 2787 in
565 2727 720 2807 judicium
747 2746 811 2786 nort
837 2727 932 2787 venit.

349 2832 425 2894 ltem
463 2833 538 2913 quia
572 2832 751 2911 Stephanus
782 2852 944 2893 successor
975 2833 1112 2892 condam
1142 2833 1303 2893 Valentini
1341 2831 1500 2913 llegutatti

238 2953 348 3000 contra
375 2940 581 3000 Valentinum
616 2940 777 3018 l'ongracz
810 2940 968 2999 seniorem
994 2939 1132 3017 juratum
1165 2940 1268 3020 primo
1300 2940 1412 2999 citatus
1437 2957 1501 2998 non

239 3047 420 3126 comparuit
446 3046 475 3105 in
503 3044 623 3122 judicio
648 3065 754 3105 coram
781 3047 883 3108 nobis.

346 3153 423 3213 ltem
449 3154 523 3232 quia
550 3152 691 3234 Gyttrlto
722 3171 885 3212 successor·
909 3151 1092 3232 ll'enthych
1126 3152 1230 3233 primo
1256 3152 1369 3211 citatus
1393 3165 1501 3211 contra

239 3259 404 3319 Vrbanum
421 3278 576 3339 generunt
595 3257 778 3340 Wenthyeh
799 3259 828 3317 iu
856 3258 974 3331 iudicio
993 3278 1056 3317 non
1075 3264 1254 3338 comparuit
1273 3277 1378 3318 coram
1399 3258 1503 3318 nobis.

292 3482 437 3550 Sttlrlrato
468 3478 619 3567 proximo
648 3489 722 3567 post
754 3480 875 3549 lesttrm
905 3482 993 3549 beati
1023 3481 1116 3548 Pauli
1147 3479 1243 3567 primi
1274 3480 1450 3557 lleremite.

636 3623 721 3672 trono
751 3613 813 3674 ete.
843 3606 1100 3690 serituutesimo.

744 3766 804 3832 (13.
821 3757 987 3831 jorrtrrtrr‘i).

350 3899 424 3958 ltent
451 3918 509 3957 nos
532 3898 673 3957 seniores
698 3896 819 3971 judices
851 3896 933 3956 dicte
963 3897 1097 3957 civitatis
1131 3897 1160 3956 in
1187 3916 1279 3955 causa
1306 3897 1387 3955 inter
1413 3896 1502 3956 Tho-

239 4007 352 4065 masko
377 4019 542 4079 sartorem,
569 4018 599 4062 ut
618 4018 769 4078 actorem,
795 4018 823 4062 et
851 4003 932 4062 inter
950 4003 1140 4084 Dyonisium
1166 4003 1312 4061 similiter
1338 4018 1503 4076 sartorem,

239 4131 295 4191 per
320 4110 458 4170 eundem
485 4109 672 4169 'lltotnaske
698 4130 714 4167 a
740 4108 849 4187 juratis
877 4109 959 4169 dicte
985 4110 1119 4168 civitatis
1152 4109 1189 4167 ad
1216 4129 1274 4167 nos
1299 4109 1503 4188 appellatam,

240 4219 270 4279 itt
298 4218 437 4298 quadam
463 4237 554 4277 causa
581 4238 597 4276 a
622 4216 781 4276 diuturnis
806 4216 1004 4296 temporibus
1033 4217 1113 4274 inter
1139 4216 1223 4295 ipsos
1249 4230 1368 4273 motam
1396 4229 1424 4274 et
1450 4214 1503 4274 ha·

239 4325 351 4402 bitam,
378 4338 409 4385 et
433 4325 506 4404 quia
534 4324 600 4404 ipse
626 4323 814 4383 Tlromaslto
839 4322 984 4403 perprius
1003 4322 1031 4380 iu
1059 4320 1141 4381 lacto
1171 4321 1409 4402 prosecucionis
1427 4340 1503 4399 qua-

239 4431 387 4492 rumdam
406 4449 615 4509 expensurum
634 4449 690 4509 per
710 4430 812 4510 ipsum
831 4428 1019 4487 'l'homaslto
1041 4425 1205 4501 factarum,
1232 4428 1296 4506 ipse
1316 4427 1503 4485 'l'homaslto

239 4538 345 4598 literas
370 4535 530 4617 magnifici
549 4535 672 4596 domini
699 4534 853 4593 lohannis
878 4534 916 4594 de
937 4535 1070 4612 llozgon
1089 4534 1229 4611 magistri
1256 4533 1502 4592 tanarnicorum

239 4644 395 4725 regalium
431 4643 522 4704 nobis
554 4658 584 4703 et
615 4642 673 4704 toti
707 4641 928 4701 communitati
961 4655 1153 4721 apportarat,
1186 4656 1219 4700 ut
1252 4641 1311 4699 sibi
1347 4660 1383 4698 ex
1415 4653 1502 4720 parte

239 4750 383 4817 eiusdem
416 4749 571 4831 judicium
605 4762 635 4812 et
668 4746 825 4827 justiciam
859 4765 923 4807 non
956 4745 1157 4821 fecissemus;
1191 4761 1220 4806 et
1252 4747 1326 4826 quia
1361 4743 1501 4827 prelatus
