3488 5272
238 349 299 428 368
644 351 731 408 Anno
755 362 844 427 1470.
862 354 913 393 '—
936 364 982 413 rr.
1006 351 1086 411 maii.

897 456 926 461 -
984 457 1090 462 —.—
1106 457 1119 462 .-
1144 457 1148 463 .
1169 457 1176 463 ..
1357 458 1506 466 ..-——-

237 566 332 638 Feria
363 576 487 658 quarta
517 572 669 658 proxima
699 579 774 659 post
794 569 916 641 festum
946 567 1178 658 Apparicienis
1208 571 1297 641 beati
1328 569 1504 643 Michaelis

766 694 970 781 archangeli.

787 850 831 925 a·
859 847 953 921 maa.

343 987 419 1047 Item
454 988 484 1047 in
517 1007 609 1048 causa
643 986 812 1065 juramenti
838 1000 869 1048 et
900 1007 993 1048 cause
1018 1007 1074 1070 per
1106 987 1226 1068 juratos
1256 987 1438 1069 adjudicate
1470 987 1503 1049 in

237 1092 320 1153 lacto
345 1094 542 1175 receptionis
567 1094 705 1153 duorum
732 1095 852 1153 bovum
882 1112 937 1174 per
962 1094 1137 1174 plebanum
1164 1095 1263 1155 sancti
1290 1094 1428 1155 Emerici
1455 1114 1504 1156 ra·

236 1200 329 1259 cione
355 1200 453 1260 debiti
480 1199 591 1260 decem
617 1218 785 1280 pensarum
806 1198 1011 1260 denariorum
1030 1201 1265 1282 campanatoris
1288 1215 1395 1262 nostre
1412 1219 1502 1262 com·

237 1305 411 1383 munitatis,
435 1306 474 1366 de
500 1325 565 1386 quo
591 1305 710 1384 judicio
731 1305 872 1386 ipsorum
894 1305 1069 1384 juratorum
1096 1307 1162 1387 ipse
1181 1307 1317 1368 Mathias
1342 1326 1406 1368 non
1425 1325 1504 1368 con·

237 1426 342 1473 tentus
367 1412 541 1493 appellavit
566 1411 606 1471 ad
632 1431 689 1470 nos
715 1412 857 1472 seniores
889 1411 1020 1490 judices,
1046 1413 1077 1472 in
1102 1432 1168 1492 quo
1200 1412 1284 1474 facto
1310 1432 1368 1473 nos
1392 1412 1500 1474 taliter

239 1519 427 1599 reperimus,
453 1519 540 1598 quod
578 1518 657 1578 illud
684 1517 898 1596 juramentum
920 1519 979 1578 sibi
1013 1518 1230 1597 adjudicatum
1261 1518 1503 1598 confirmamus,

237 1625 279 1683 ita
304 1639 421 1701 tamen,
448 1625 524 1684 dum
550 1623 676 1701 iurabit,
701 1625 788 1703 quod
814 1639 889 1684 tunc
914 1625 980 1706 ipse
1011 1625 1168 1686 Achacius
1192 1626 1222 1685 in
1249 1646 1312 1686 una
1337 1640 1425 1707 parte
1450 1644 1502 1686 so·

238 1730 375 1790 lucionis
400 1731 541 1810 ipsorum
566 1733 696 1806 bovum,
723 1732 910 1791 insecundo
936 1732 1001 1812 ipse
1020 1733 1157 1792 Mathias
1180 1752 1278 1812 gener
1295 1731 1504 1814 Symwnych,

238 1850 267 1897 et
293 1837 324 1896 in
350 1837 444 1895 tercia
477 1856 534 1895 nos
559 1836 772 1896 communitas
804 1838 907 1897 eidem
935 1837 1074 1897 Achacio
1100 1839 1223 1899 solvere
1255 1839 1436 1899 tenebimur
1460 1838 1500 1898 ad

237 1942 486 2022 superfluitatem
515 1943 640 2002 illatum
666 1943 775 2003 decem
796 1963 964 2024 pensarum
984 1944 1189 2004 denariorum
1215 1964 1293 2025 quas
1317 1944 1502 2025 obligamur

240 2049 468 2130 campanatori.

238 2285 334 2358 Feria
363 2295 457 2357 sexta
496 2292 649 2376 proxima
679 2296 754 2376 post
795 2289 917 2359 festum
946 2288 1180 2378 Appariciunis
1209 2286 1298 2359 beati
1328 2288 1502 2360 Michaelis

768 2412 972 2500 archangeli.

780 2566 839 2639 (11.
864 2567 957 2629 niati).

344 2706 421 2767 item
448 2708 521 2786 quia
538 2705 713 2787 Elyzabetb
730 2706 837 2767 relicta
856 2706 993 2765 condam
1011 2705 1156 2786 Dyonisii
1176 2707 1268 2781 tibur,
1288 2703 1501 2786 l’lescheycha

239 2813 333 2889 elicta,
360 2813 573 2886 iuramentum
600 2813 657 2871 sibi
685 2812 902 2888 adjudicatum
928 2832 985 2893 pto
1012 2812 1074 2871 illis
1103 2812 1229 2884 debitis,
1255 2831 1317 2890 que
1343 2824 1499 2871 certarum

239 2939 343 2980 terum
370 2940 425 2999 per
452 2920 549 3000 ipsum
576 2919 613 2978 ad
641 2919 744 2998 ipsum
773 2918 962 2999 Di‘onisiunt
999 2932 1235 2998 apportaturum
1262 2933 1290 2976 et
1318 2937 1371 2996 pet·
1397 2916 1496 2997 ipsam

238 3046 309 3087 cum
344 3026 462 3084 eisdem
496 3026 710 3104 expositarum
744 3041 886 3104 tempore
913 3024 1070 3099 judicatus
1103 3024 1265 3083 Benedicti
1302 3023 1415 3093 iudicis
1440 3021 1496 3082 filii

240 3132 383 3210 Georgii,
407 3148 516 3191 contra
544 3132 661 3190 Lucani
689 3130 788 3190 lilium
815 3130 957 3189 eiusdem
990 3131 1133 3210 llyouisii
1161 3131 1287 3189 racione
1313 3129 1498 3208 quindecim

240 3258 408 3319 pensarum
434 3238 638 3298 denariorum
666 3238 799 3317 prestitit
826 3253 858 3296 ut
884 3237 1004 3296 debuit.

348 3344 422 3403 ltem
458 3344 532 3423 quia
567 3344 692 3403 Marcus
726 3344 886 3403 Korosecz
919 3343 1021 3403 dictus
1054 3343 1092 3402 de
1120 3344 1277 3423 Politest'a
1312 3357 1419 3401 contra
1445 3342 1501 3401 pa.

239 3453 370 3510 bianum
387 3450 559 3531 linaburch
575 3451 679 3530 primo
693 3451 806 3509 citatus
820 3470 882 3508 non
899 3450 1078 3529 comparuit
1092 3470 1197 3509 coram
1218 3450 1309 3508 nobis
1325 3450 1354 3507 iu
1373 3448 1501 3521 judicio

345 3558 420 3617 Item
448 3556 599 3615 dontinus
625 3557 734 3615 l‘etrus
759 3556 846 3615 Oroa
883 3557 1055 3616 canonicus
1088 3555 1283 3616 chasmensis
1320 3570 1428 3614 contra
1455 3575 1501 3614 re·

239 3663 344 3723 lictum
372 3663 508 3722 condam
536 3663 662 3721 Martini
690 3661 813 3739 judicis,
843 3663 891 3721 cui
919 3663 1010 3722 datus
1029 3661 1087 3721 fuit
1113 3663 1319 3742 comparendi
1346 3662 1502 3721 terminus

238 3770 365 3829 racione
391 3769 507 3828 domus
532 3769 674 3827 eiusdem
701 3768 836 3828 condam
865 3769 1003 3843 Martini,
1037 3770 1110 3828 bina
1138 3770 1205 3828 rice
1232 3790 1293 3827 non
1322 3768 1501 3848 comparuit

238 3894 344 3935 coram
371 3875 472 3934 nobis.

346 3981 421 4040 item
447 3981 477 4040 in
505 3979 586 4040 facto
613 3980 826 4060 percussionis
851 3980 1006 4042 Anthouii
1034 3979 1112 4040 labri
1138 3996 1167 4040 et
1192 3980 1318 4041 Thome
1347 3980 1500 4055 liraduch,

238 4087 326 4166 quod
352 4086 511 4146 mutilavit
535 4087 593 4145 sibi
621 4086 768 4165 digitum,
794 4086 884 4163 jurati
912 4087 1146 4163 adjudicarunt,
1172 4087 1258 4167 rptod
1286 4087 1349 4165 ipse
1378 4086 1499 4144 ‚turho-

239 4192 311 4252 nius
334 4192 560 4252 secundusmet
585 4191 686 4269 jurare
713 4192 872 4252 tenebitur
905 4194 993 4273 quod
1018 4194 1083 4274 ipse
1104 4194 1248 4254 Thomas
1273 4193 1341 4253 lesit
1369 4212 1440 4252 eum
1469 4194 1498 4251 iu

239 4299 359 4377 digito;
384 4313 414 4359 et
439 4298 515 4358 dum
541 4298 667 4374 jurabit,
693 4299 758 4377 ipse
789 4299 934 4358 'l'homas
965 4299 1126 4360 tenebitur
1157 4301 1279 4359 solvere
1306 4299 1409 4359 eidem
1437 4303 1501 4356 fln-

238 4404 352 4465 thonio
377 4404 488 4483 viginti
516 4405 660 4484 quinque
686 4424 799 4484 pensas
823 4405 1027 4464 <lanariorum
1054 4419 1083 4465 et
1109 4406 1330 4465 communitati
1357 4405 1501 4484 quinque

239 4531 363 4592 pensas,
388 4525 418 4571 et
443 4511 570 4571 medico
594 4509 785 4572 satisfacere.

345 4616 421 4676 item
441 4617 472 4676 in
496 4613 580 4677 facto
599 4617 690 4677 bovis
715 4636 770 4697 per
789 4618 906 4677 lucam
924 4629 1064 4677 sutorem
1087 4617 1204 4697 recepti
1225 4617 1351 4676 Muttini
1373 4614 1501 4697 llanych

239 4724 325 4799 dicti,
350 4723 440 4800 jurati
467 4720 702 4802 adjudicarunt,
726 4723 814 4803 quod
841 4724 906 4805 ipse
934 4722 1089 4783 Martinus
1113 4722 1217 4803 jurare
1242 4723 1402 4782 tenebitur
1427 4742 1501 4782 curn

238 4848 350 4891 socero
380 4848 451 4907 suo,
483 4829 571 4911 quod
597 4829 664 4910 ipse
689 4831 747 4890 bos
778 4849 854 4890 suus
887 4829 1034 4911 proprius
1066 4826 1136 4906 fuit,
1168 4845 1266 4909 quem
1291 4829 1407 4889 bovem
1435 4829 1500 4909 ipse
