3488 5272
652 336 850 412 Ann01454.
877 369 916 378 —
942 350 991 410 19.
1008 337 1092 412 Jiclii.

246 546 279 607 in
304 548 441 629 pecunia
465 549 524 610 XV
548 547 628 626 flor,
653 568 749 630 quam
775 562 884 610 contra
909 549 1012 630 ipsum
1034 547 1193 610 Thomam
1220 547 1359 631 prefatus
1383 549 1507 612 Antho-

247 653 318 720 nius
340 653 460 735 juratus
488 656 700 737 proponebat,
725 654 828 717 eidem
854 653 1020 716 Anthonio
1048 655 1150 736 jurato
1175 674 1240 717 non
1268 669 1315 717 eat
1338 654 1507 737 culpabilis

247 779 304 821 nec
326 761 483 843 particeps
507 780 611 842 neque
636 762 792 840 conscius,
819 760 875 822 sed
901 761 932 821 in
964 761 1054 822 totali
1079 759 1208 824 accione
1232 761 1331 844 ipsius
1350 760 1506 824 Anthonii

245 867 360 928 actoris
383 867 538 930 innocens
562 880 642 929 esset
666 868 793 950 penitus
818 881 849 930 et
872 867 1032 929 innoxius.

351 973 429 1036 Item
454 973 616 1036 lohannes
639 973 736 1055 judex
769 973 854 1035 filius
880 974 959 1035 Pero
983 972 1076 1054 jurati
1109 987 1218 1036 contra
1244 974 1417 1036 Martinum
1442 993 1506 1034 sar·

244 1092 346 1141 torem
370 1094 401 1142 et
425 1100 563 1142 rasorem
589 1100 768 1163 pannorum
793 1080 935 1143 secundo
959 1082 1072 1142 citatus
1096 1099 1160 1142 non
1185 1080 1375 1163 comparuit.

350 1186 428 1248 ltem
453 1188 528 1268 quia
554 1188 679 1249 Marcus
707 1188 811 1249 dictus
834 1186 992 1250 Cwethlro
1025 1187 1110 1249 filius
1134 1187 1281 1270 Dyonisii
1306 1186 1381 1248 dicti
1407 1184 1507 1248 Gerse

245 1291 284 1352 de
317 1293 484 1377 Zawersya
510 1294 541 1355 in
575 1292 661 1355 furtu
694 1292 863 1356 manifesto
897 1292 970 1356 ferri
998 1294 1129 1355 molaris
1160 1313 1216 1356 seu
1239 1291 1507 1355 molendinatoris

245 1398 342 1480 ipsius
366 1400 544 1462 molendini
570 1420 625 1462 seu
650 1401 734 1463 Petri
767 1400 891 1462 clientis
922 1400 1046 1462 domini
1079 1398 1222 1462 eiusdem
1256 1397 1434 1461 molendini
1459 1410 1507 1459 est

243 1504 402 1584 inventus,
426 1507 481 1588 qui
507 1507 582 1568 licet
606 1521 736 1589 propter
761 1508 866 1588 ipsum
884 1505 1004 1568 furtum
1029 1506 1103 1568 dicti
1129 1504 1201 1567 ferri
1221 1505 1351 1567 molaris
1374 1503 1506 1566 auribus

243 1611 358 1692 privari
384 1611 547 1674 debuisset
570 1633 629 1695 pro
654 1615 756 1696 prima
773 1614 822 1675 sui
845 1613 1057 1691 correccione,
1075 1627 1182 1675 tamen
1207 1613 1282 1693 quia
1307 1631 1364 1694 pro
1388 1608 1504 1672 eodem

244 1717 449 1780 malefactore
466 1733 511 1781 est
528 1721 622 1781 nobis
634 1720 848 1802 supplicatum
869 1735 904 1781 ut
920 1720 979 1781 sibi
994 1719 1134 1800 graciam
1152 1717 1347 1796 fecissemus,
1364 1716 1504 1797 ideoque

243 1823 381 1885 eundem
406 1826 551 1887 Marcum
576 1824 679 1888 furem
704 1827 838 1907 turpiter
870 1826 1025 1888 denudari
1049 1841 1080 1886 et
1111 1826 1209 1906 virgis
1232 1837 1317 1886 extra
1343 1823 1504 1886 civitatem

243 1943 273 1990 et
305 1930 372 1991 eius
403 1933 597 1994 territorium
632 1933 701 1994 cedi
726 1946 757 1994 et
788 1933 903 2015 expelli
936 1931 1071 1994 fecimus
1103 1952 1159 2014 per
1190 1950 1345 2012 precones
1368 1943 1503 2002 nostros,

243 2038 479 2100 committentes
504 2039 609 2099 eidem
633 2052 668 2100 ut
692 2039 732 2100 de
756 2054 862 2102 cetero
887 2053 918 2101 et
942 2059 998 2121 per
1029 2038 1167 2120 amplius
1192 2037 1278 2100 idem
1303 2038 1430 2099 Marcus
1454 2033 1504 2096 iur

242 2141 282 2202 ad
308 2142 468 2206 civitatem
494 2160 524 2206 et
548 2146 616 2207 eius
639 2146 834 2208 territorium
868 2147 984 2209 intrare
1012 2165 1077 2208 non
1110 2145 1235 2224 debeat,
1259 2144 1315 2227 qui
1339 2144 1364 2205 si
1389 2143 1429 2204 de
1453 2162 1504 2204 ce-

242 2263 311 2311 tero
336 2251 367 2311 in
393 2252 519 2313 civitate
556 2266 587 2315 et
622 2253 690 2315 eius
721 2254 881 2316 territorio
913 2252 1123 2335 reprehensus
1155 2266 1186 2314 et
1219 2253 1366 2313 inventus
1398 2249 1503 2328 luerit,

242 2376 357 2437 penam
383 2378 480 2440 quam
505 2360 698 2422 demeruerit
723 2378 796 2421 mox
821 2360 964 2442 pacietur
988 2360 1057 2442 ipso
1081 2357 1175 2421 iacto.

269 2573 363 2649 Feria
393 2587 491 2650 sexta
520 2584 672 2670 proxima
701 2590 777 2672 post
806 2582 928 2653 festum
956 2583 1052 2652 beate
1081 2579 1293 2667 Margarethe
1321 2578 1474 2666 virginis.

782 2736 844 2810 (ιφ.
862 2736 959 2811 jura).

348 2872 424 2934 ltem
450 2875 524 2954 quia
551 2876 702 2937 Clemens
719 2876 803 2937 filius
827 2876 951 2937 Nicolai
970 2875 1009 2935 de
1028 2874 1150 2956 Oresye
1167 2872 1323 2955 superiori
1349 2872 1380 2932 in
1399 2870 1500 2932 mani·

241 2975 322 3038 festo
336 2977 498 3041 furticinio
516 2983 681 3043 cuiusdam
696 2983 774 3044 stive
792 2996 822 3043 et
839 2982 972 3043 aliarum
988 3000 1091 3042 rerum
1111 2992 1157 3041 est
1173 2992 1338 3060 reppertus
1355 2992 1499 3058 tempore

240 3097 422 3165 treugarum
437 3107 492 3148 seu
506 3089 722 3149 nundinarum
737 3104 790 3150 aut
804 3087 862 3149 fori
881 3088 1027 3148 annualis
1040 3089 1131 3148 beate
1149 3083 1349 3165 Margarethe
1366 3082 1500 3164 virginis

241 3204 270 3250 et
294 3211 330 3250 ex
356 3212 394 3252 eo
421 3194 486 3275 ipsa
519 3195 611 3276 culpa
637 3216 693 3256 sua
726 3195 870 3275 exigente
904 3193 963 3254 fuit
987 3194 1134 3254 detentus
1167 3205 1197 3252 et
1222 3191 1443 3267 incarceratus,
1468 3202 1499 3251 et

240 3296 368 3357 tandem
395 3314 523 3380 propter
552 3302 617 3382 ipsa
651 3300 810 3362 lurticinia
843 3321 899 3361 sua
924 3300 1009 3379 juxta
1045 3312 1192 3359 contenta
1217 3295 1375 3377 privilegii
1400 3296 1498 3356 nostri

240 3404 420 3465 communis
453 3406 482 3465 in
516 3408 660 3487 patibulo
692 3408 855 3468 communi
889 3421 934 3467 est
967 3424 1137 3487 suspensus
1170 3402 1245 3484 ipsis
1275 3400 1339 3461 suis
1364 3401 1500 3462 maliciis

240 3508 449 3588 exigentibus

346 3616 422 3678 ltem
448 3619 522 3699 quia
548 3619 693 3702 Mathyas
718 3619 801 3680 iilius
827 3620 915 3680 l‘auli
942 3619 981 3680 de
1008 3619 1212 3700 anpnycza
1238 3618 1269 3677 in
1295 3615 1380 3676 iurtu
1405 3614 1499 3675 unius

240 3720 327 3800 pallii
353 3723 530 3787 Clementis
547 3726 701 3787 carnificis
726 3727 859 3787 senioris
876 3726 968 3806 jurati
994 3740 1024 3786 et
1042 3725 1183 3784 concivis
1208 3723 1305 3784 nostri
1335 3736 1379 3782 est
1398 3721 1498 3782 mani·

239 3824 317 3888 feste
342 3846 516 3910 reppertus,
542 3832 614 3894 ideo
640 3833 743 3914 ipsum
770 3833 903 3894 detineri
930 3848 960 3893 et
984 3832 1126 3892 auricula
1152 3850 1214 3891 una
1240 3829 1355 3911 privari
1381 3848 1416 3889 ac
1433 3844 1498 3889 tur·

239 3933 320 4014 piter
351 3936 467 4016 expelli
504 3936 637 3999 fecimus
672 3939 711 4000 de
744 3939 869 3999 civitate
903 3953 932 3999 et
964 3939 1032 3999 eius
1056 3937 1226 4015 territori0,
1263 3936 1498 3997 committentes

239 4040 344 4101 eidem
369 4056 402 4102 ut
427 4043 465 4104 de
483 4060 588 4105 cetero
613 4059 643 4106 et
667 4065 722 4125 per
739 4046 876 4126 amplius
902 4045 931 4105 in
959 4045 1058 4125 ipsam
1077 4045 1236 4104 civitatem
1262 4057 1292 4104 ct
1317 4043 1384 4103 eius
1408 4043 1496 4103 terri·

237 4147 355 4208 torinm
381 4148 497 4211 intrare
522 4170 585 4210 non
612 4152 738 4224 audeat,
763 4152 817 4232 qui
843 4152 868 4211 si
894 4152 932 4211 de
951 4166 1055 4211 cetero
1081 4164 1110 4211 et
1135 4169 1191 4231 per
1209 4150 1346 4231 amplius
1372 4151 1402 4208 in
1421 4149 1496 4209 civi-

238 4267 301 4315 tate
326 4268 356 4316 et
380 4255 448 4316 eius
473 4257 632 4318 territorio
664 4258 811 4318 inventus
839 4273 869 4319 et
903 4272 1068 4338 reppertus
1102 4255 1207 4333 luerit,
1232 4275 1304 4316 mox
1330 4256 1415 4335 juxta
1440 4275 1496 4317 sua

238 4360 391 4423 demerita
416 4382 532 4443 penam
557 4382 654 4443 quam
679 4364 872 4424 demeruerit
895 4365 1047 4445 pacietur.

344 4468 419 4529 ltem
439 4470 513 4548 quia
539 4470 640 4530 lanko
658 4468 741 4530 lilius
759 4471 841 4531 l'crri
867 4472 904 4530 dc
924 4470 999 4530 llela
1023 4470 1171 4530 saliverat
1195 4489 1267 4529 curn
1287 4471 1379 4530 rebus
1403 4471 1496 4530 certis

239 4573 362 4635 Nicolai
388 4575 517 4658 Subyclr
543 4576 582 4636 de
615 4577 747 4658 l'ernya,
780 4577 867 4655 quod
897 4575 1014 4636 factum
1041 4576 1107 4656 ipse
1139 4576 1226 4636 solus
1250 4591 1295 4636 est
1320 4574 1495 4653 confessus,

238 4681 312 4742 ideo
335 4681 438 4764 ipsum
464 4683 642 4744 lankonem
675 4698 804 4765 propter
830 4682 1013 4744 huiusmodi
1047 4682 1168 4743 malum
1194 4681 1312 4743 factum
1336 4701 1429 4743 suum
1454 4683 1495 4743 de

237 4789 365 4853 civitate
380 4788 522 4874 predicta
548 4804 579 4853 et
603 4790 671 4853 eius
687 4789 846 4852 territorio
864 4789 997 4871 turpiter
1015 4788 1149 4849 fecimus
1166 4789 1336 4870 expellere,
1361 4789 1495 4850 commi·
