3488 5272
627 326 714 383 Anno
739 324 832 404 1460.
858 362 898 369 -
917 343 973 404 30.
1001 328 1087 389 maii.
1434 351 1493 414 ²95

236 430 494 438 -——---
511 432 775 439 ---—.—-—--——
815 435 849 439 --
865 436 883 439 —
994 436 1086 442 ·-—---.
1119 439 1153 442 -
1180 440 1186 443 .
1202 439 1353 445 ——..-—
1374 440 1464 447 .—.—.

232 537 318 616 quod
344 536 617 617 quandocumque
644 538 697 599 alii
723 539 811 619 prius
834 542 1018 621 purgabunt
1048 541 1130 623 ipsas
1155 541 1316 603 clausuras
1340 559 1494 606 terrarum

234 642 374 723 ipsorum
399 642 487 723 quod
506 658 536 703 et
561 659 636 704 tunc
655 645 721 725 ipse
747 645 883 706 Michaei
906 648 1066 708 tenebitur
1091 649 1211 728 aperire
1231 647 1381 710 fossatum
1401 671 1493 712 suum

233 769 329 829 penes
353 763 466 810 terram
491 769 580 810 suant
615 749 732 811 iactum
760 767 792 813 ut
816 753 866 813 via
900 755 1081 814 communis
1107 755 1224 816 ibidem
1252 757 1389 818 existens
1412 759 1493 820 sicca

232 870 398 917 maneatur
430 872 459 916 et
493 857 646 917 habeatur
689 857 729 917 ita
762 871 793 919 et
820 858 873 918 alii
908 859 1045 920 universi
1072 862 1156 921 cives
1190 862 1343 924 habentes
1375 863 1492 925 fossata

231 961 331 1042 vulgo
357 963 515 1044 maticyna
540 963 635 1040 dicta,
661 964 713 1024 illa
739 984 836 1044 penes
856 978 955 1025 terras
983 987 1094 1027 eorum
1128 968 1226 1029 modo
1251 970 1397 1031 similiter
1421 990 1493 1051 pur·

233 1088 306 1147 gare
320 1068 542 1147 adjudicarunt
561 1090 598 1129 ne
624 1070 694 1130 aliis
711 1071 824 1131 vicinis
842 1071 871 1130 in
898 1072 989 1132 terris
1005 1088 1036 1133 et
1055 1071 1205 1135 fenilibus
1223 1095 1334 1137 eorum
1353 1075 1491 1157 dampna

232 1175 297 1254 pati
323 1175 499 1237 videantur.

417 1410 512 1483 Feria
541 1425 638 1484 sexta
668 1418 821 1502 proxima
847 1424 925 1485 ante
953 1425 1071 1487 sancte
1099 1416 1291 1489 Trinitatis.

768 1568 832 1642 (30.
856 1568 953 1644 niati).

333 1708 409 1768 item
434 1707 617 1768 Anthonius
642 1708 829 1790 Oprasnych
863 1709 969 1768 senior
994 1709 1113 1787 juratus
1148 1724 1178 1769 et
1203 1711 1344 1770 concivis
1369 1726 1488 1788 noster,

228 1828 337 1873 contra
363 1813 530 1894 providam
549 1814 716 1874 mulierem
737 1814 945 1875 Katherinam
968 1815 1109 1876 relictam
1128 1816 1264 1876 condam
1292 1817 1380 1877 l’auli
1399 1818 1490 1878 sella-

227 1920 304 1980 toris
340 1921 419 1980 otim
445 1920 537 1999 jurati
563 1933 593 1981 et
618 1921 759 1981 concivis
784 1922 894 1997 nostri,
928 1920 1025 1981 tiliam
1052 1922 1198 2002 Dyonisii
1222 1923 1362 1999 sartoris,
1387 1924 1491 2003 primo

227 2026 339 2087 citatus
364 2047 429 2086 non
455 2027 633 2107 comparuit
659 2027 690 2086 in
717 2026 836 2102 judicio
860 2046 967 2087 coram
994 2028 1096 2088 nobis.

334 2133 409 2192 Item
438 2152 565 2193 causam
598 2133 754 2193 consortis
779 2133 931 2214 Stephani
965 2133 1111 2214 plathnar
1136 2148 1165 2194 et
1191 2135 1271 2195 inter
1298 2135 1415 2194 Lucam
1440 2155 1490 2195 su·

226 2254 327 2299 torem
354 2239 497 2301 italicum
524 2239 650 2299 racione
675 2238 954 2299 dehonestacionis
979 2253 1010 2299 et
1027 2240 1270 2320 vituperiorum,
1295 2259 1486 2320 prorogave-

227 2360 299 2406 runt
317 2365 416 2426 usque
430 2345 569 2426 primum
584 2344 749 2425 judicium,
769 2359 801 2404 ut
820 2345 884 2425 ipsa
903 2364 1033 2404 consors
1055 2346 1153 2425 ipsius
1172 2345 1324 2427 Stephani
1342 2345 1491 2427 piathnar

227 2451 402 2532 producere
428 2451 588 2511 tenebitur
615 2465 709 2511 testes
733 2452 787 2531 qui
813 2451 982 2511 audierunt
1002 2452 1067 2533 ipsa
1094 2452 1249 2532 vituperia
1276 2466 1306 2512 et
1329 2451 1485 2512 dehones-

226 2557 368 2618 taciones
392 2576 471 2637 quas
496 2555 569 2617 iecit
593 2571 624 2617 et
648 2557 774 2617 locutus
799 2556 857 2616 fuit
883 2557 949 2638 ipse
976 2557 1076 2617 Lucas
1101 2573 1210 2618 contra
1235 2557 1381 2620 eandem.

332 2663 408 2725 item
434 2663 587 2744 providus
612 2677 642 2723 et
659 2663 908 2745 circumspectus
932 2664 979 2723 vir
997 2663 1158 2723 Johannes
1178 2663 1350 2745 Perowych
1379 2663 1486 2723 senior

226 2769 318 2849 judex
346 2783 375 2830 et
392 2769 534 2830 concivis
558 2782 675 2846 noster,
692 2769 841 2850 produxit
861 2769 942 2828 duos
963 2783 1067 2846 testes,
1095 2783 1188 2850 puta:
1215 2769 1350 2830 Michael
1376 2770 1482 2829 bacca·

226 2875 322 2936 larius
346 2891 376 2936 et
402 2876 524 2958 Symon
548 2891 637 2937 sutor
660 2877 808 2936 concives
840 2877 937 2936 nostri
971 2877 1030 2935 sub
1055 2876 1235 2952 juramento
1261 2875 1333 2936 fassi
1359 2891 1432 2935 sunt
1457 2877 1488 2936 in

225 2982 401 3062 vituperiis,
426 3002 489 3063 que
515 2982 672 3063 vituperia
697 2982 823 3042 locutus
845 2980 902 3041 fuit
923 2981 1068 3041 Thomas
1086 2980 1219 3042 Cheden
1244 2981 1352 3041 senior
1368 2981 1489 3059 juratus

225 3105 254 3148 et
279 3089 420 3148 concivis
445 3104 569 3163 noster;
594 3104 625 3149 et
649 3088 723 3167 quia
750 3088 815 3168 ipse
841 3107 934 3147 causa
958 3101 1003 3146 est
1029 3102 1197 3167 prorogata
1224 3106 1324 3167 usque
1348 3087 1488 3168 primurn

224 3194 391 3274 judicium,
409 3195 483 3274 quia
503 3195 570 3275 ipse
589 3193 725 3256 Michael
746 3193 942 3254 baccalarius
960 3192 1063 3268 jurare
1078 3194 1192 3268 noluit,
1209 3192 1262 3253 sed
1282 3193 1347 3273 ipse
1366 3193 1487 3274 Symon

223 3317 312 3361 sutor
337 3301 462 3377 juravit,
480 3321 537 3381 pro
555 3321 594 3360 eo
618 3301 683 3382 ipse
702 3299 864 3360 Johannes
885 3299 1058 3381 perunum
1076 3300 1170 3360 debet
1188 3300 1364 3382 producere
1383 3300 1489 3380 piures

223 3423 318 3468 testes
343 3408 373 3467 in
401 3406 483 3467 facto
509 3408 651 3488 ipsorum
669 3407 913 3487 vituperiorum,
940 3407 1014 3486 quia
1034 3426 1115 3466 unus
1140 3407 1226 3466 testis
1251 3426 1315 3465 non
1340 3425 1485 3486 assump-

224 3515 360 3576 mendus
384 3533 553 3595 usquequo
578 3514 684 3594 plures
709 3533 773 3572 non
800 3514 1048 3594 comparuerint.

332 3620 408 3681 item
434 3621 567 3701 provida
593 3620 709 3680 muiier
734 3618 910 3701 Elyzabeth
931 3634 1053 3695 vocata,
1079 3618 1187 3678 relicta
1213 3618 1349 3678 condam
1377 3618 1488 3700 Frvcz,

223 3743 331 3789 contra
360 3729 501 3788 Marcum
528 3726 720 3808 Nagronvch
753 3727 856 3806 primo
883 3727 976 3786 citata
1009 3746 1073 3785 nou
1107 3726 1285 3806 comparuit
1312 3726 1341 3784 in
1368 3723 1487 3800 judicio

223 3854 331 3895 coram
358 3835 460 3910 nobis,
485 3835 561 3915 quia
586 3834 704 3914 recepit
728 3853 761 3894 se
786 3831 825 3892 ad
851 3831 1110 3911 jurisdiccionem
1136 3832 1282 3892 civitatis.

330 3941 406 4001 item
430 3940 583 4021 providus
601 3941 648 4000 vir
668 3939 864 4000 Laurentius
883 3959 1003 4020 sporar,
1021 3940 1127 4000 senior
1145 3938 1266 4015 juratus
1290 3952 1320 3999 et
1345 3939 1487 3999 concivis

224 4063 341 4125 noster,
366 4061 474 4106 contra
502 4046 641 4106 blasium
668 4046 810 4106 villicum
837 4045 876 4105 de
908 4046 1049 4105 ¹hhbacia
1075 4045 1273 4124 zugrabiensi
1300 4045 1485 4126 Lendais·vn

225 4154 358 4229 dictum,
383 4152 573 4212 secundario
598 4152 711 4212 citatus
736 4153 768 4212 in
802 4151 921 4227 judicio
954 4171 1017 4212 non
1043 4151 1223 4231 comparuit
1250 4170 1357 4211 corant
1383 4151 1487 4212 nobis.

329 4258 405 4319 item
432 4278 558 4319 causam
586 4259 667 4319 inter
691 4273 872 4318 consortem
895 4257 1047 4338 Stephani
1074 4258 1198 4338 platnar
1222 4272 1252 4317 et
1278 4258 1419 4317 hiarcum
1439 4256 1486 4335 ju-

223 4380 337 4441 ratum,
363 4365 490 4425 racione
516 4364 674 4425 violencie
707 4383 762 4446 per
790 4365 891 4445 ipsam
925 4379 1034 4423 contra
1060 4364 1165 4445 ipsum
1200 4364 1355 4438 Marcum,
1389 4381 1485 4443 quarn

222 4472 348 4532 dicebat
374 4471 440 4552 ipsa
465 4471 569 4551 ipsum
597 4471 740 4532 Marcum
773 4471 831 4530 sibi
866 4471 988 4546 iecisse,
1021 4484 1234 4551 prorogarunt
1258 4468 1350 4547 jurati
1386 4488 1486 4550 usque

222 4577 361 4658 primum
388 4575 541 4651 judicium
567 4597 736 4658 quousque
762 4578 809 4637 vir
832 4597 908 4637 suus
932 4574 1054 4636 neforte
1081 4576 1197 4637 veniet.

331 4682 407 4744 item
434 4702 561 4743 causam
588 4683 669 4744 inter
686 4683 862 4765 Symonem
880 4697 1033 4759 sutorem,
1060 4697 1092 4743 ut
1110 4697 1249 4744 actorem
1274 4697 1303 4741 et
1329 4682 1410 4743 inter
1428 4682 1487 4742 Mi·

222 4787 368 4853 chaelem
392 4789 604 4850 baccalarium
630 4790 760 4852 racione
794 4787 867 4851 iacti
898 4788 1044 4873 Dyonisii
1070 4787 1256 4871 Wodopyq
1287 4787 1379 4868 jurati
1405 4786 1489 4867 judi..
