3488 5272
238 331 302 412 384
645 335 732 392 Anno
756 345 844 411 1471.
870 368 911 377 —
934 348 983 395 10.
1006 336 1086 394 maii.

238 546 333 606 debet
358 544 461 626 jurare
487 546 640 606 solusmet
666 546 696 605 in
722 564 774 604 ara
792 560 899 606 sancte
917 546 1031 608 Crucis
1048 544 1187 606 secunda
1215 543 1290 606 leria
1315 543 1413 606 tercia
1431 559 1507 626 post

238 651 352 715 festum
380 653 582 714 lnvencionis
605 665 712 713 sancte
744 652 868 730 Crucis,
900 653 988 734 quod
1019 653 1084 734 ipse
1115 665 1235 733 septem
1261 650 1330 712 flor.
1355 651 1506 733 exposuit

238 759 277 820 ad
303 760 387 842 ipsas
411 760 518 821 literas
543 760 627 840 regie
653 759 827 819 Maiestatis
852 779 909 840 pro
935 758 1056 820 eisdem
1082 758 1192 819 literis.

344 883 422 943 ltem
447 883 522 963 quia
549 883 667 944 Micula
693 880 837 964 Galoych
857 897 887 943 et
913 881 1094 964 Stephanus
1119 880 1261 943 Berthun
1287 881 1405 943 debent
1430 880 1503 962 qui·

238 989 317 1050 libet
341 990 527 1050 terciusmet
551 1009 623 1050 cum
650 988 795 1070 personis
820 989 865 1049 eis
897 988 1058 1049 similibus
1083 987 1186 1067 jurare
1219 987 1365 1069 proxime
1398 985 1505 1049 lutura

238 1093 342 1176 (lesia)
367 1096 474 1173 tercia,
499 1096 603 1176 jurare
641 1096 767 1156 racione
792 1095 983 1177 suspicionis
1000 1093 1073 1155 furti
1092 1095 1157 1155 vini
1175 1095 1221 1156 sui
1248 1094 1335 1175 quod
1361 1093 1420 1176 ipsi
1440 1112 1506 1154 non

237 1203 461 1263 subtraxerunt
485 1203 545 1263 sibi
571 1202 692 1262 vinum,
707 1221 812 1263 suum.

345 1308 422 1370 ltem
456 1310 531 1389 quia
566 1308 708 1391 Gywrko
741 1323 829 1369 sutor
862 1309 1128 1391 Hennygoyczyn
1161 1320 1272 1368 contra
1305 1306 1439 1368 Paulum
1464 1305 1505 1366 de

239 1415 403 1477 Corbauia
436 1415 644 1477 castellanum
679 1415 718 1475 de
751 1415 893 1475 Zomzed
933 1415 1061 1475 racione
1094 1413 1309 1475 concessionis
1342 1426 1374 1474 et
1403 1411 1504 1472 debiti

237 1535 310 1583 octo
335 1520 404 1583 flor.
430 1522 498 1583 auri
523 1521 627 1600 jurare
651 1521 813 1582 tenebitur
849 1520 1004 1582 solusmet
1028 1519 1105 1582 feria
1137 1520 1234 1581 tercia
1258 1519 1403 1602 proxime
1426 1537 1504 1580 ven-

238 1642 308 1688 tura
335 1628 365 1688 in
392 1648 445 1689 ara
477 1642 584 1688 sancte
610 1627 733 1704 Crucis,
765 1627 852 1707 quod
879 1627 946 1709 ipse
972 1647 1035 1687 non
1069 1626 1266 1707 obligaretur
1290 1625 1394 1687 eidem
1421 1624 1504 1706 quit·

237 1754 345 1815 quam,
370 1734 425 1795 sed
451 1734 589 1796 eundem
616 1754 674 1815 pro
698 1753 757 1794 suo
781 1734 891 1795 debito
917 1735 1053 1795 omnino
1078 1746 1304 1797 contentasset.

238 1970 335 2044 Feria
364 1980 460 2043 sexta
498 1976 652 2061 proxima
681 1980 758 2061 post
794 1972 916 2044 festum
944 1972 1180 2062 Apparicionis
1208 1968 1298 2043 beati
1327 1969 1503 2043 Michaelis

768 2094 971 2186 archangeli.

779 2269 841 2342 (10.
865 2267 959 2332 maii).

347 2427 422 2488 ltem
438 2426 512 2505 quia
531 2425 673 2507 Gywrko
687 2438 774 2486 sutor
793 2425 1061 2508 Hennygoychyn
1087 2426 1201 2503 dictus,
1218 2423 1358 2486 concivis
1382 2435 1501 2500 noster,

240 2547 348 2593 contra
375 2532 509 2592 Paulum
539 2531 577 2590 de
603 2530 765 2592 Corbauia
797 2533 1004 2593 castellanum
1030 2531 1070 2593 de
1095 2531 1315 2608 Zomzedwar,
1340 2529 1501 2609 juramen·

240 2652 307 2699 tum
333 2638 392 2698 sibi
419 2637 635 2710 adjudicatum
662 2638 789 2698 racione
814 2639 1030 2699 concessionis
1047 2652 1119 2699 octo
1144 2637 1213 2698 flor.
1237 2635 1373 2718 prestitit
1390 2646 1424 2695 ut
1448 2634 1503 2694 de-

243 2745 321 2822 buit,
346 2759 425 2804 etse
451 2744 649 2825 expurgavit.

344 2852 421 2913 ltem
447 2852 521 2932 quia
547 2850 747 2931 Margaretha
779 2852 942 2932 Hungara‚
974 2853 1058 2912 Pana
1092 2850 1187 2928 dicta,
1212 2864 1322 2911 contra
1348 2847 1500 2928 Egidium

238 2958 277 3019 de
304 2959 408 3018 bllalxa
433 2958 598 3017 concivem
626 2972 780 3035 nostrum,
810 2959 858 3017 bis
883 2958 974 3018 citata
1001 2957 1039 3017 ad
1058 2956 1211 3034 judicium
1231 2975 1295 3016 non
1321 2955 1503 3035 comparuit

239 3084 345 3126 coram
373 3064 475 3124 nobis.

345 3170 420 3229 ltem
456 3190 548 3229 causa
583 3170 663 3230 inter
698 3168 852 3230 famulum
888 3169 1010 3229 domini
1046 3169 1178 3249 Georgii
1211 3166 1427 3229 archidiaconi
1461 3166 1502 3226 de

240 3277 406 3336 Wrboucz
432 3291 461 3336 et
480 3276 561 3336 inter
585 3276 668 3335 lnan
688 3290 828 3336 sutorem
855 3277 885 3336 in
905 3296 1032 3336 causam
1051 3290 1218 3337 attractum
1244 3274 1372 3335 racione
1390 3272 1502 3333 vulne·

241 3383 376 3442 racionis
401 3381 543 3441 eiusdem
562 3378 672 3442 famuli
693 3382 834 3442 eiusdem
854 3383 976 3443 domini
998 3382 1129 3462 Georgii
1148 3397 1194 3443 est
1212 3395 1380 3464 prorogata
1399 3398 1501 3460 usque

239 3488 278 3547 ad
306 3488 445 3568 primum
464 3486 617 3564 judicium
636 3488 660 3547 si
680 3502 829 3567 poterunt
847 3489 1042 3549 concordare
1056 3489 1184 3549 casdem
1198 3503 1302 3569 partes
1319 3487 1411 3570 probi
1429 3485 1499 3546 viri.

346 3611 420 3672 ltcm
447 3612 521 3690 quia
548 3612 683 3671 Michacl
703 3615 905 3692 pultxmester
922 3628 1029 3674 contra
1061 3613 1212 3674 Mathiam
1239 3613 1316 3673 alias
1341 3610 1500 3673 famulum

241 3718 373 3777 Antonii
399 3718 528 3777 sartoris
560 3719 687 3778 racione
717 3720 952 3779 verberationis
984 3721 1083 3800 ipsius
1105 3719 1222 3779 Mathia
1255 3719 1360 3800 primo
1385 3717 1499 3778 citatus

240 3845 303 3885 non
331 3824 509 3905 comparuit
534 3825 564 3883 in
591 3824 710 3901 judicio
735 3845 841 3886 coram
868 3827 970 3889 nobis.
1489 3816 1493 3832 '

344 3949 420 4008 ltem
448 3949 522 4028 quia
548 3947 750 4010 fideiussores
776 3970 832 4031 pro
852 3949 1007 4010 Michaele
1033 3952 1168 4032 pellifice
1194 3948 1395 4032 Naspichych
1413 3947 1501 4026 dicti,

238 4055 291 4134 qui
319 4055 420 4134 ipsum
447 4054 486 4114 ad
513 4054 650 4134 primum
675 4054 829 4133 judicium
848 4057 871 4114 si
895 4076 958 4116 non
988 4058 1198 4119 concordaret
1222 4076 1294 4118 cum
1319 4055 1498 4131 scolastice,

239 4174 270 4220 et
294 4160 368 4239 quia
394 4180 457 4219 non
484 4161 701 4238 concordavit,
727 4181 784 4221 nec
803 4163 905 4241 ipsum
926 4162 1114 4223 Michaelem
1134 4162 1305 4244 pellificem
1323 4162 1354 4222 in
1380 4159 1501 4240 judicio

239 4286 345 4326 coram
372 4266 465 4326 nobis
490 4281 721 4347 presentarunt,
754 4269 938 4329 scolasticus
963 4289 1038 4330 vero
1072 4270 1102 4330 in
1129 4271 1243 4331 eodem
1269 4268 1389 4348 judicio
1414 4285 1501 4329 com-

239 4374 342 4453 paruit
367 4393 473 4433 coram
501 4374 602 4434 nobis.

346 4478 421 4538 ltcm
448 4499 573 4539 causam
607 4480 688 4541 inter
714 4479 902 4541 Michaelem
939 4482 1083 4561 longum,
1109 4497 1142 4542 ut
1174 4496 1326 4559 actorem,
1350 4493 1381 4542 et
1404 4480 1501 4542 Nico·

239 4586 325 4645 laum
352 4585 496 4667 Galoych
524 4587 649 4647 racione
676 4588 911 4648 verberacionis
943 4586 1006 4648 filie
1039 4609 1106 4665 sue,
1131 4590 1295 4650 convictus
1319 4601 1366 4649 est
1390 4599 1500 4649 contra

238 4692 341 4772 ipsum
368 4691 559 4753 Michaelem
585 4693 615 4753 in
642 4693 751 4754 decem
778 4693 885 4773 pensis
902 4706 933 4753 et
953 4708 1061 4754 contra
1087 4695 1353 4758 communitatem
1370 4706 1499 4755 centum

237 4797 386 4858 denariis.
