3488 5272
656 334 743 390 Anno
766 330 860 410 1480.
891 367 929 376 -
956 328 1004 394 16.
1021 334 1115 408 junii.
1452 353 1514 414 495

252 544 356 606 dictus
382 542 497 605 Gallus
522 563 586 604 non
612 557 782 604 contentus
801 563 928 605 causam
951 543 1051 625 ipsam
1070 544 1243 626 appellavit
1266 545 1304 604 ad
1332 544 1515 624 magistrum

251 649 523 711 thawernicorum
549 649 716 730 regalium.

358 755 436 817 Item
461 775 589 817 causam
615 755 697 817 inter
722 756 892 817 Nicolaum
912 756 1066 817 Horwath
1091 772 1122 818 et
1148 756 1336 818 Michaelem
1362 777 1516 838 generum

251 862 330 924 olim
358 862 443 923 Luce
468 862 586 923 sutoris
610 862 738 923 racione
756 861 922 923 cuiusdam
948 863 1057 943 equini
1076 863 1173 944 precii
1199 863 1348 924 etunius
1373 862 1440 924 flor.
1460 882 1517 944 pro

251 968 392 1050 quodam
419 968 503 1043 oleo,
536 969 678 1029 seniores
709 967 830 1046 judices
862 967 1137 1046 adjudicaverunt,
1170 967 1256 1048 quod
1291 969 1356 1049 ipsa
1382 968 1513 1029 domina

251 1074 335 1136 Nesa
361 1093 492 1135 consors
515 1073 642 1134 Nicolai
669 1074 823 1135 llorwath
849 1074 944 1135 debet
966 1074 1069 1153 jurare
1095 1075 1126 1134 in
1144 1095 1197 1135 ara
1222 1088 1329 1134 sancte
1354 1074 1466 1135 Crucis
1484 1075 1515 1134 in

253 1180 387 1242 ecclesia
411 1180 511 1242 sancti
538 1181 635 1242 Marci
668 1180 873 1261 ewangeliste
906 1178 1049 1258 lundata,
1082 1181 1113 1241 in
1147 1199 1197 1258 eo,
1222 1180 1309 1260 quod
1335 1181 1402 1261 ipsa
1435 1180 1514 1241 illud

253 1286 397 1368 precium
423 1287 496 1368 equi
523 1301 553 1348 et
577 1286 686 1347 oleum
712 1306 769 1368 pro
802 1306 867 1348 uno
892 1287 960 1348 flor.
991 1287 1109 1369 recepit
1142 1288 1172 1347 in
1198 1301 1314 1347 sortem
1340 1286 1517 1347 solucionis

251 1392 418 1454 cuiusdam
443 1393 580 1474 pecunie
613 1412 669 1473 per
701 1392 801 1475 ipsam
835 1393 1043 1454 accomodate
1076 1392 1213 1454 condam
1248 1393 1333 1453 Luce
1361 1393 1460 1453 sutori
1487 1408 1516 1454 et

252 1497 359 1559 Blasio
391 1497 588 1582 Zthenychlri
625 1499 743 1561 seniori
780 1499 898 1580 judici,
932 1499 1026 1561 debet
1062 1515 1169 1560 autem
1205 1499 1308 1578 jurare
1344 1500 1516 1581 prescripta

251 1601 328 1665 feria
353 1617 450 1666 sexta.

359 1708 437 1772 ltem
470 1711 614 1772 seniores
646 1710 766 1790 judices
799 1730 926 1772 causam
960 1712 1042 1774 inter
1073 1711 1265 1795 Dyonisium
1299 1725 1451 1772 sartorem
1487 1725 1516 1770 et
1545 1720 1550 1728 ·

253 1815 407 1878 Mathiam
434 1816 549 1877 Perecz
575 1817 703 1878 racione
728 1817 894 1879 cuiusdam
925 1819 989 1878 vini
1015 1838 1071 1899 per
1102 1818 1222 1896 juratos
1246 1817 1461 1896 adjudicatam
1487 1832 1518 1878 et

251 1922 292 1982 ad
316 1922 459 1983 seniores
482 1922 604 2001 judices
629 1923 823 2005 appellatam
849 1923 947 1985 iidem
972 1924 1094 2003 judices
1119 1923 1399 2000 confirmaverunt,
1423 1925 1517 1985 debet

250 2043 357 2089 autem
391 2028 567 2110 Dyonisius
599 2029 814 2108 juramentum
847 2029 1009 2111 deponere
1044 2031 1132 2091 solus
1164 2030 1284 2111 prelata
1312 2030 1387 2090 feria
1412 2045 1516 2104 sexta;

251 2135 291 2196 de
316 2154 381 2217 quo
406 2135 527 2213 judicio
553 2156 616 2197 non
643 2151 812 2197 contentus
837 2137 940 2197 dictus
958 2136 1094 2197 Mathias
1119 2137 1235 2198 Perecz
1253 2137 1425 2218 appellavit
1443 2157 1516 2197 cau-

254 2261 321 2302 sam
346 2241 387 2303 ad
412 2242 599 2323 magistrum
625 2242 895 2304 thawernicorum
928 2243 1094 2322 regalium.

292 2455 386 2530 Feria
416 2470 513 2530 sexta
543 2458 695 2548 proxima
724 2469 799 2548 post
829 2462 949 2532 festum
980 2463 1154 2533 beatorum
1189 2462 1257 2532 Viti
1287 2472 1320 2532 et
1351 2463 1488 2532 llotlcsti

797 2588 987 2656 martirum.

792 2735 854 2808 (16.
872 2740 976 2813 junri').

360 2877 465 2938 Causa
500 2877 580 2936 inter
613 2896 744 2938 uxorem
778 2879 1012 2959 campanatoris
1046 2893 1075 2937 er
1108 2877 1262 2938 lacobum
1297 2876 1518 2960 lakcheu·ych‚

253 2998 358 3065 partes
382 2984 501 3045 debent
526 3002 712 3066 comparere
738 2985 769 3044 in
795 2985 899 3064 primo
924 2983 1044 3062 judicio
1070 2984 1292 3044 consistoriali.

358 3089 464 3151 Causa
483 3090 564 3150 inter
582 3089 724 3150 relictam
743 3091 880 3150 condam
895 3090 1018 3150 Nicolai
1039 3090 1273 3170 campanatoris
1290 3103 1320 3150 et
1338 3088 1516 3149 lohannent

253 3194 474 3279 Soldynarych
501 3196 628 3257 racione
653 3196 808 3257 mercedis
830 3195 976 3256 laborum
1003 3197 1077 3256 dicti
1096 3196 1332 3276 campunutoris
1357 3215 1411 3275 per
1435 3214 1512 3255 eun·

254 3302 328 3362 dem
347 3301 526 3361 iohannem
552 3303 690 3378 timente,
716 3302 807 3379 jurati
833 3301 1107 3378 adtudicaverunt,
1125 3301 1212 3382 quod
1239 3315 1408 3381 postquam
1427 3319 1515 3360 com·

254 3408 393 3467 munitas
419 3408 522 3488 ipsum
549 3408 728 3468 lohannem
754 3407 793 3468 de
818 3408 933 3467 debitis
958 3428 1019 3488 que
1038 3423 1162 3468 tenetur
1187 3407 1245 3467 sibi
1272 3407 1514 3478 consensaverit,

253 3528 329 3574 tunc
359 3514 444 3574 idem
471 3513 632 3573 lohannes
657 3515 818 3574 debitores
850 3515 1089 3574 communitatis
1121 3515 1175 3593 qui
1210 3512 1337 3574 luerunt
1369 3528 1513 3592 tempore

252 3618 412 3696 judicatus
437 3619 535 3699 ipsius
559 3619 653 3680 habet
677 3634 862 3681 contentato
887 3635 917 3680 et
942 3620 1100 3680 exolvere.

359 3725 463 3786 Causa
491 3726 571 3786 inter
589 3725 787 3808 Stephanum
806 3742 947 3787 sutorem
973 3747 1003 3786 er
1021 3727 1194 3807 quantdam
1221 3726 1387 3786 mulierem
1416 3724 1517 3783 Kartha

255 3845 396 3891 vocatam
423 3832 696 3911 consanguineam
724 3831 957 3913 llerczlrouych
992 3834 1119 3893 racione
1152 3833 1365 3912 quorumdam
1393 3844 1513 3890 trecen·

253 3950 358 3996 torum
385 3938 562 3998 solidorum
589 3958 644 4019 per
670 3939 773 4019 ipsum
809 3938 1009 4019 Stephanum
1042 3954 1183 3998 sutorem
1218 3938 1300 3997 dicte
1325 3936 1451 3996 mulieri
1478 3937 1516 3995 ad

252 4045 508 4104 conservandum
535 4046 694 4120 datorum,
721 4044 812 4117 jurati
848 4044 1123 4121 adjudicaverunt,
1155 4044 1241 4125 quod
1268 4062 1304 4102 ert
1331 4061 1396 4122 quo
1422 4045 1518 4102 ambo

256 4150 396 4230 ipsorum
424 4165 631 4230 portaverunt
656 4165 685 4210 et
715 4150 894 4211 habuerunt
927 4151 1032 4211 claves
1058 4152 1155 4232 ipsius
1187 4149 1263 4208 ciste
1289 4149 1319 4207 in
1346 4168 1408 4228 qua
1434 4149 1516 4209 dicta

255 4257 388 4336 pecunia
415 4258 672 4331 conservabatur,
699 4255 817 4338 prelata
846 4257 961 4317 mulier
987 4259 1080 4318 habet
1114 4257 1327 4327 juramentum
1354 4256 1516 4336 deponere

254 4363 321 4422 sola
346 4382 440 4444 super
464 4382 549 4422 aram
578 4365 607 4422 in
633 4382 684 4438 eo,
709 4364 795 4442 quod
822 4365 887 4444 ipsa
917 4383 978 4425 non
1010 4363 1126 4442 recepit
1151 4363 1190 4421 de
1216 4376 1354 4441 pretacta
1381 4365 1516 4442 pecunia

255 4488 312 4530 nec
337 4470 394 4529 scit
412 4469 484 4550 quis
502 4470 630 4550 recepit,
649 4485 678 4528 et
704 4469 886 4551 Stephanus
904 4470 933 4529 in
953 4471 1094 4549 dampno
1113 4469 1274 4543 manebit;
1299 4469 1393 4528 debet
1411 4483 1516 4530 autem

254 4573 358 4652 jurare
383 4573 459 4635 leria
485 4590 569 4636 sexta
597 4576 741 4657 proxime
766 4590 909 4637 ventura.

360 4680 464 4742 Causa
491 4683 572 4741 inter
603 4681 782 4742 lohannem
818 4680 978 4760 Soldynur
1012 4695 1042 4742 et
1073 4681 1208 4742 Paulum
1240 4682 1436 4743 aurifabrum
1462 4701 1517 4742 sett

255 4801 354 4848 totam
380 4788 645 4849 communitatem
672 4787 798 4847 racione
816 4786 1033 4866 quorumdam
1060 4787 1172 4867 viginti
1190 4807 1242 4848 sex
1261 4802 1291 4849 et
1316 4788 1424 4848 medio
1450 4786 1517 4847 lior.
