3488 5272
244 270 309 349 428
629 271 717 327 Anno
741 282 829 347 1473.
855 304 895 311 -
913 283 970 346 30.
999 271 1114 343 aprilis.

352 482 430 543 Item
456 501 584 542 causam
610 481 693 543 inter
709 481 900 565 Dyonisium
920 480 1105 564 Sypchyczc
1129 494 1162 542 et
1184 479 1365 542 Fabianum
1383 478 1512 543 fratrem

247 589 390 650 eiusdem
417 603 447 649 et
472 589 553 649 inter
576 588 696 668 juratos
720 588 793 649 anni
817 588 957 669 preteriti
982 602 1076 669 puta:
1103 587 1311 648 Dominicum
1338 588 1509 670 Peroyczc,

247 696 448 757 Anthonium
458 695 686 777 Thermsyczc,
697 695 877 756 iohannem
889 694 1129 776 Soldinaryczc,
1144 693 1343 775 Stephanum
1354 692 1513 776 plathnar,

248 803 391 863 Marcum
416 799 597 863 carnificem
624 800 873 883 Gwrakowyczc
894 800 1026 879 dictum,
1051 799 1245 881 Gregorium
1271 815 1425 878 sutorem,
1452 800 1513 861 Mi-

246 908 389 970 chaelem
416 907 518 970 filium
544 907 704 969 Valentini
731 908 845 989 judicis
869 922 899 969 et
917 908 1124 969 Valentinum
1149 921 1303 985 sutorem,
1328 907 1437 968 arbitri
1455 925 1512 987 per

245 1030 414 1095 utramque
439 1029 561 1096 partem
589 1014 680 1075 electi
713 1014 880 1074 videlicet:
913 1013 1096 1074 Anthonius
1124 1013 1203 1074 alias
1235 1013 1342 1093 juder,
1366 1011 1514 1073 Thomas

245 1121 388 1182 Croacus
413 1119 553 1202 frenipar
578 1121 657 1180 alias
688 1120 793 1200 judex,
827 1119 990 1181 lohannes
1023 1119 1161 1200 Bolsagh
1195 1119 1273 1180 alias
1296 1118 1403 1199 judex,
1429 1118 1511 1180 Lau·

242 1228 368 1287 rencius
394 1229 512 1308 Sporar
549 1226 627 1287 alias
651 1226 772 1306 juratus
804 1227 907 1287 taliter
932 1241 962 1288 et
994 1246 1033 1287 eo
1058 1226 1157 1288 modo
1189 1227 1272 1287 inter
1297 1227 1381 1308 ipsas
1406 1240 1512 1307 partes

243 1334 471 1395 concluserunt
496 1347 525 1393 et
550 1332 589 1392 ad
615 1332 755 1393 debitam
790 1334 942 1394 unionem
972 1333 1058 1414 pacis
1089 1333 1299 1410 devenerunt,
1325 1331 1413 1412 quod
1439 1350 1509 1413 pre·

244 1439 299 1500 lati
325 1439 417 1519 jurati
445 1442 528 1500 bona
556 1439 698 1520 ipsorum
732 1458 788 1520 per
816 1438 946 1500 eosdem
979 1440 1019 1500 ab
1044 1438 1165 1499 eisdem
1198 1451 1324 1521 recepta
1350 1437 1426 1519 ipsis
1451 1435 1511 1497 Fa·

242 1545 342 1606 biano
367 1559 398 1606 et
423 1545 579 1628 Dyonisio
604 1545 736 1605 reddere
770 1545 908 1606 debeant
933 1558 962 1604 et
993 1558 1172 1622 teneantur,
1206 1544 1264 1625 ipsi
1289 1557 1396 1605 autern
1422 1543 1510 1625 Dyo-

242 1652 345 1711 nisius
370 1665 399 1712 et
433 1651 593 1711 Fabianus
624 1671 778 1731 expensas
810 1670 923 1711 omnes
955 1665 985 1710 et
1016 1650 1130 1711 totales
1155 1670 1210 1732 per
1243 1650 1328 1731 ipsos
1353 1648 1451 1711 factas
1477 1650 1507 1710 in

240 1758 471 1839 persecucione
513 1777 607 1817 cause
640 1757 798 1837 predicte,
837 1756 957 1817 scilicet
989 1777 1046 1839 pro
1080 1757 1294 1838 requisitione
1326 1770 1357 1818 et
1389 1756 1509 1818 adduc·

242 1864 334 1924 cione
353 1865 494 1945 magistri
512 1863 741 1944 spiculatorum
759 1878 789 1923 et
806 1863 907 1923 eciam
925 1883 982 1944 pro
1007 1864 1173 1924 solucione
1199 1864 1297 1945 ipsius
1321 1877 1351 1924 et
1375 1864 1505 1944 propria

241 1969 440 2031 adduccione
468 1989 568 2049 usque
593 1969 631 2028 ad
651 1982 722 2028 octo
741 1969 809 2028 dies
830 1969 973 2049 plenarie
991 1969 1030 2029 ad
1049 1990 1163 2031 manus
1180 1970 1398 2052 predictorum
1424 1970 1510 2030 arbi·

241 2089 363 2136 trorum
390 2076 550 2155 assignare
576 2074 723 2151 debeant,
749 2088 779 2135 et
803 2074 900 2153 jodici
927 2090 957 2135 et
987 2075 1097 2154 juratis
1125 2074 1377 2137 satisfaccionem
1403 2077 1509 2136 omni-

243 2182 372 2242 modam
401 2181 585 2262 impendere
611 2195 778 2241 teneantur
802 2180 856 2240 tali
883 2181 1080 2262 obligamine
1111 2181 1282 2259 mediante,
1308 2181 1396 2261 quod
1430 2201 1508 2262 que-

242 2308 381 2368 cumque
406 2288 548 2367 parcium
574 2288 728 2367 temporis
753 2287 784 2347 in
811 2307 960 2368 processu
986 2289 1016 2347 in
1047 2288 1209 2369 premissis
1234 2308 1298 2349 non
1324 2289 1509 2369 persisteret

242 2408 355 2453 extunc
373 2394 445 2454 talis
462 2414 533 2473 pars
558 2394 637 2474 parti
657 2394 687 2453 in
714 2394 876 2473 premissis
894 2395 1072 2475 persistenti
1088 2395 1119 2455 in
1139 2395 1374 2476 quinquaginta
1393 2397 1509 2457 marcis

240 2499 445 2559 denariorum
471 2513 501 2559 et
525 2500 621 2578 judici
648 2520 740 2560 cause
766 2501 906 2580 predicte
938 2502 1085 2578 totidem,
1110 2515 1140 2563 et
1164 2502 1263 2563 eciam
1290 2522 1417 2564 causam
1437 2522 1507 2583 pre-

240 2606 438 2665 nominatam
465 2606 603 2665 totaliter
627 2606 761 2683 amittat,
786 2607 950 2668 exsolvere
984 2607 1099 2669 debeat
1123 2621 1153 2669 et
1177 2621 1333 2686 teneatur,
1358 2608 1507 2669 similiter

238 2711 309 2770 talis
335 2731 405 2791 pars
430 2712 459 2770 in
480 2710 646 2791 fidel'ragio
672 2711 738 2771 lore
757 2714 977 2791 convincatur,
1002 2728 1032 2772 et
1049 2713 1109 2773 hoc
1135 2733 1193 2773 nec
1219 2715 1317 2774 verbo
1342 2734 1400 2774 nec
1419 2714 1503 2776 sacto

238 2817 325 2877 nulla
364 2819 575 2898 predictarum
615 2819 756 2898 parcium
795 2819 944 2894 exceda13
983 2820 1111 2901 insuper
1144 2820 1242 2879 homo
1274 2820 1331 2879 iste
1364 2820 1418 2900 qui
1445 2819 1505 2882 luit

240 2939 350 3004 captus
385 2925 512 2983 racione
550 2939 580 2984 et
615 2925 782 2984 occasione
809 2924 879 2984 lacti
919 2926 1018 3001 istius,
1054 2927 1135 2987 liber
1171 2927 1214 2986 ire
1248 2926 1450 3007 permittatur
1474 2941 1505 2988 et

240 3031 338 3106 abire,
364 3032 450 3110 quod
470 3047 498 3090 et
524 3030 640 3089 lactum
661 3046 725 3104 est;
750 3052 784 3090 ac
812 3033 901 3090 istam
920 3033 1192 3113 composicionem
1219 3033 1323 3093 taliter
1341 3033 1372 3092 in
1391 3053 1504 3094 manus

240 3137 454 3217 predictorum
471 3138 661 3196 arbitrorum
682 3138 920 3197 discuciendam
939 3153 968 3198 et
993 3139 1268 3199 determinandam
1288 3139 1379 3198 ambe
1398 3153 1504 3219 partes

241 3244 339 3302 libere
366 3245 423 3301 sub
449 3242 509 3301 fide
536 3263 646 3302 eorum
670 3244 885 3318 admiserunt3
911 3265 1006 3325 super
1024 3265 1085 3325 qua
1104 3245 1319 3325 disposicione
1345 3259 1374 3304 et
1399 3245 1502 3305 deter-

240 3350 420 3407 minatione
446 3370 480 3407 ac
507 3349 713 3409 conclusione
738 3349 879 3430 predicte
905 3367 1009 3431 partes
1034 3353 1127 3411 ambe
1155 3351 1213 3431 ipsi
1240 3351 1446 3431 dispositioni
1473 3366 1502 3411 et

239 3455 468 3535 composicioni
496 3472 725 3515 consenserunt
751 3472 780 3517 ct
810 3456 958 3517 benivole
992 3457 1185 3518 adheserunt
1217 3476 1324 3517 coram
1350 3457 1502 3517 omnibus

240 3565 268 3622 in
296 3562 485 3622 consistorio
511 3562 727 3622 existentibus.

239 3800 333 3871 Feria
363 3809 461 3870 sexta
482 3804 636 3888 proxima
657 3810 735 3871 ante
760 3801 880 3870 lestnm
904 3800 1045 3888 Philippi
1067 3809 1099 3869 et
1119 3801 1237 3889 jacobi
1260 3802 1500 3888 apostolorum.

755 3967 818 4028 (30.
844 3955 969 4025 aprilis).

348 4096 423 4154 Item
448 4116 588 4171 causam,
621 4115 681 4175 que
716 4094 942 4154 ventillnbatur
975 4094 1055 4154 inter
1084 4095 1225 4154 Marcum
1259 4096 1396 4173 juratum
1421 4096 1500 4156 alias

238 4201 485 4282 Gwraltouyczc
510 4203 629 4260 dictum
656 4217 685 4261 et
700 4201 884 4281 Philippum
908 4200 1022 4280 Dudey
1049 4201 1175 4261 racione
1193 4198 1368 4278 familiaris,
1385 4221 1496 4283 proro-

237 4325 351 4389 garunt
378 4310 406 4367 in
434 4309 519 4369 aliud
547 4309 699 4386 judicium
726 4309 864 4389 primum
898 4308 1079 4366 immediate
1112 4329 1249 4388 sequens
1275 4309 1332 4367 nisi
1358 4309 1497 4390 poterint

238 4416 507 4495 compontricium
534 4416 614 4475 inter
639 4437 669 4475 se
697 4416 809 4476 lacere.

345 4522 419 4580 ltem
447 4537 575 4601 propter
608 4541 733 4582 causam
769 4521 1020 4602 Naspolicliyczc
1046 4535 1074 4579 et
1108 4522 1261 4581 Jacobum
1296 4520 1498 4600 adjudicave-

238 4641 308 4688 runt
333 4627 464 4705 judices,
490 4626 576 4707 qnod
603 4627 742 4707 prefatus
767 4629 904 4689 lacobus
929 4627 1053 4687 lecisset
1081 4645 1159 4686 aoso
1183 4628 1352 4688 temerario
1384 4641 1497 4710 poten·

236 4733 317 4794 ciam
341 4752 436 4817 super
467 4732 625 4815 prelatum
658 4733 919 4820 Naspolichyczc,
954 4733 1040 4795 unde
1073 4749 1241 4816 agravatus
1265 4749 1311 4796 est
1335 4734 1420 4796 idem
1447 4735 1498 4796 Ja-
