3488 5272
236 259 301 338 408
620 259 706 318 Anno
730 270 818 336 1472.
842 291 886 302 -
908 271 958 335 14.
982 260 1108 332 eugub.

344 471 420 532 ltem
458 471 533 552 quia
566 469 747 552 Stephanus
783 459 924 530 Berthun
964 487 1029 530 non
1059 466 1211 550 produxit
1239 486 1374 529 uxorem
1408 486 1500 529 suam

239 579 277 640 ad
303 577 456 659 judicium
483 576 521 636 ad
547 575 783 656 querimoniam
801 575 992 652 vicinorum,
1016 589 1089 656 puta
1115 574 1256 652 Martini,
1281 573 1449 636 Michaelis
1474 588 1506 637 et

239 683 418 744 Fabianum
443 695 583 743 sutorem
608 699 762 762 generum
788 679 898 759 Falen,
923 699 985 761 que
1011 679 1120 741 evasit.

344 790 422 850 ltem
448 788 523 870 quia
549 788 686 849 Mathias
710 788 812 848 Wura
838 806 902 848 non
934 786 1114 868 comparuit
1137 785 1169 847 in
1194 784 1315 867 judicio
1339 785 1390 846 cui
1415 803 1504 846 coru·

239 897 371 957 missum
397 895 456 956 luit
481 913 666 975 comparere
691 893 730 953 ad
755 893 895 974 primunr
922 891 1089 974 judicium.

344 1006 422 1066 ltem
448 1005 524 1085 quia
549 1003 710 1065 lohannes
739 1001 900 1084 Soldynar
924 1001 955 1062 in
988 1019 1116 1062 causam
1140 1013 1302 1078 attractus,
1325 999 1408 1061 trina
1432 999 1503 1061 vice

238 1126 429 1194 comparuit.

346 1218 423 1278 Item
457 1218 530 1298 quia
565 1216 746 1298 Stephanus
777 1228 807 1276 et
841 1215 944 1275 Lucas
974 1227 1113 1293 sutores,
1143 1226 1284 1291 actores,
1317 1231 1382 1272 non
1414 1230 1504 1273 corn·

261 1339 421 1387 aruerunt.

238 1346 257 1408 p
346 1431 421 1491 ltem
448 1429 681 1511 proclamatum
707 1442 752 1487 est
777 1427 882 1508 primo
903 1427 942 1487 ad
960 1426 1149 1487 instanciam
1174 1422 1402 1486 iohannisfilii
1429 1423 1502 1486 Sol·

239 1538 349 1621 dynar,
374 1536 521 1597 moderni
547 1534 651 1614 jurati,
678 1548 707 1595 et
732 1533 863 1594 domine
889 1532 1063 1593 Karberine
1089 1531 1199 1592 matris
1222 1531 1378 1608 eiusdem,
1402 1549 1503 1612 penes

238 1644 345 1705 literas
369 1641 577 1722 obligatorias
601 1640 739 1700 condam
765 1639 920 1701 lobannis
948 1637 1004 1699 filii
1030 1638 1110 1698 Pero
1136 1637 1268 1698 Wolani
1294 1636 1382 1714 dicti,
1406 1655 1504 1718 super

239 1750 330 1811 terris
356 1748 531 1809 arabilibus
555 1761 585 1807 et
603 1745 691 1806 fenili
710 1747 740 1806 in
766 1745 926 1807 territorio
944 1744 1026 1805 dicte
1051 1743 1198 1822 civitatis,
1222 1762 1302 1824 quas
1326 1742 1385 1824 ipsi
1404 1762 1504 1824 penes

240 1857 347 1918 literas
370 1856 452 1916 dicte
477 1855 614 1914 civitatis
638 1854 775 1914 vendere
800 1852 910 1914 velint.

293 2091 388 2165 Feria
417 2101 514 2163 sexta
543 2094 698 2180 proxima
727 2090 758 2161 in
787 2091 907 2179 vigilia
935 2088 1188 2180 Assrunpcionis
1216 2089 1314 2161 beate
1343 2088 1449 2159 llario

794 2214 946 2302 virginis.

748 2391 814 2463 (14.
839 2384 981 2465 augusti).

347 2543 422 2603 ltem
455 2543 670 2623 juramentum
703 2543 839 2624 provido
870 2544 939 2604 viro
968 2543 1134 2606 Anthonio
1165 2543 1278 2625 jurato,
1302 2542 1413 2622 sutori,
1445 2563 1502 2627 per

241 2651 362 2730 juratos
386 2650 468 2710 dicte
494 2651 629 2710 civitatis
661 2650 890 2731 adjudicatum,
922 2650 1050 2712 racione
1083 2648 1157 2712 furti
1190 2650 1405 2731 quorumdam
1431 2651 1503 2732 pul·

240 2758 344 2818 lorum
379 2755 501 2838 Gywan
537 2757 677 2817 Barberii
711 2757 933 2818 inhabitatoris
965 2755 1048 2818 dicte
1083 2757 1229 2834 civitatis,
1261 2770 1370 2818 contra
1395 2756 1501 2840 ipsum

239 2863 363 2946 Gyivan
389 2863 537 2943 deposuit
561 2877 595 2923 ut
618 2861 738 2924 debuit.

346 2970 420 3029 Item
440 2969 654 3047 juramentum
672 2983 781 3029 contra
797 2969 933 3029 eundem
954 2968 1090 3052 Gywan,
1105 2969 1238 3050 provida
1256 2969 1371 3030 mulier
1390 2969 1504 3054 Elyza·

240 3075 312 3135 beth
339 3075 446 3135 relicta
472 3074 608 3134 condam
635 3074 790 3158 Stephlyn
824 3074 989 3153 carnificiS‚
1023 3075 1138 3136 eodem
1172 3075 1270 3136 modo
1296 3075 1445 3157 deposuit
1470 3090 1504 3138 ut

240 3181 351 3242 debuit
375 3181 501 3240 racione
528 3181 672 3260 premissi
699 3179 771 3241 lurti
802 3201 932 3241 suorum
958 3182 1133 3262 pullorum.

345 3305 422 3365 ltem
449 3305 566 3364 l‘aulus
598 3304 741 3365 Croacus
773 3306 905 3365 maritus
937 3306 1045 3366 relicte
1078 3305 1215 3366 condam
1245 3305 1409 3367 Benedicti
1435 3306 1504 3389 My·

242 3410 329 3493 lycza
363 3409 449 3485 dicti,
475 3411 529 3490 qui
563 3412 724 3472 interemit
757 3411 914 3472 Briccium
942 3412 1063 3473 Phister
1096 3412 1134 3471 de
1167 3426 1269 3473 castro
1296 3412 1431 3491 Medwe,
1455 3433 1503 3474 se-

242 3515 395 3575 cundario
421 3536 484 3576 non
511 3517 608 3594 venit,
633 3517 687 3578 sed
707 3537 785 3577 uxor
809 3519 878 3578 eius
898 3518 1077 3598 comparuit
1095 3537 1152 3599 pro
1177 3538 1221 3595 se,
1240 3532 1270 3580 et
1294 3519 1369 3599 quia
1395 3519 1505 3582 nullus

241 3623 362 3682 amicus
387 3635 416 3681 et
434 3636 619 3702 procurator
638 3624 736 3705 ipsias
760 3624 883 3702 Briccii‚
908 3644 1012 3704 neque
1030 3625 1096 3705 ipse
1123 3623 1241 3685 Paulus
1258 3624 1401 3686 Croacus
1416 3644 1503 3687 coru·

240 3728 344 3807 paruit
369 3747 477 3787 coram
503 3729 605 3789 nobis.

347 3852 424 3912 ltem
450 3853 525 3932 quia
552 3853 662 3913 Stansa
695 3851 834 3914 famulus
863 3854 991 3915 Thome
1024 3853 1141 3913 sutoris
1174 3853 1267 3933 jurati
1292 3854 1332 3915 de
1356 3856 1428 3917 vico
1451 3875 1503 3916 su·

243 3973 348 4019 torum
375 3972 483 4018 contra
511 3959 622 4041 lilyam
655 3973 794 4019 sutorem
828 3960 933 4040 primo
958 3961 1071 4021 citatus
1096 3979 1160 4019 non
1194 3962 1374 4042 comparuit
1399 3961 1430 4023 iu
1455 3961 1503 4043 ju·

242 4065 326 4126 dicio
352 4085 458 4125 coram
485 4065 588 4126 nobis.

348 4172 424 4231 ltem
451 4173 525 4251 quia
552 4171 670 4230 l’aulelr
689 4168 838 4249 carnifex,
863 4186 961 4250 actor,
978 4188 1086 4235 contra
1113 4174 1237 4258 Gurrey
1261 4175 1357 4236 tercia
1384 4175 1451 4236 vice
1469 4175 1501 4236 in

241 4277 360 4355 judicio
386 4298 449 4336 non
476 4278 667 4358 comparuit,
693 4291 721 4337 et
748 4276 864 4339 Girran
891 4279 1030 4359 agricola
1057 4281 1087 4340 in
1120 4300 1247 4342 causam
1272 4295 1423 4342 attractus
1446 4281 1501 4343 sed

243 4384 421 4464 comparuit
446 4404 552 4444 coram
579 4385 682 4445 nobis.

348 4506 422 4567 ltem
450 4528 576 4568 causam
608 4510 687 4568 inter
721 4510 848 4593 Eudrey
880 4524 1033 4570 sartorem
1067 4525 1096 4571 et
1131 4512 1210 4572 inter
1236 4512 1409 4573 Martinam
1434 4531 1500 4573 car·

241 4614 420 4693 pentarium
447 4615 575 4675 racione
600 4617 797 4697 recepcionis
822 4617 995 4696 lignorum,
1021 4617 1085 4697 ipse
1113 4618 1268 4678 Martinus
1290 4619 1385 4680 debet
1414 4638 1500 4681 com·

240 4721 376 4800 probare
408 4740 464 4801 per
497 4721 666 4782 dominum
700 4722 836 4784 Paulum
869 4722 1141 4801 archidiaconum,
1173 4725 1261 4806 quod
1293 4726 1361 4807 ipae
1394 4726 1499 4788 eidem
