3488 5272
620 302 706 359 Anno
729 299 820 379 1467.
846 334 887 344 -
911 311 960 375 25.
984 301 1113 375 augusti.

237 515 353 597 Radoy
378 514 459 575 foret
476 514 656 595 culpabilis,
682 527 812 573 extunc
837 532 896 573 nos
920 525 1063 594 exparte
1087 511 1232 573 eiusdem
1256 511 1361 574 eidem
1378 509 1504 590 justicie

238 637 267 683 et
299 620 528 683 satisfaccionis
560 620 834 700 complementum
867 618 1022 700 impertiri
1054 618 1322 699 promiseramus;
1362 630 1393 677 et
1425 616 1504 677 dum

238 728 378 811 prelatus
403 727 519 808 lladuy
544 726 672 787 racione
698 724 805 805 previa
824 725 923 785 nostri
951 725 981 784 in
1007 724 1151 785 medium
1177 724 1315 784 venisset
1338 738 1369 785 et
1393 734 1504 783 contra

238 834 376 895 eundern
402 833 543 893 Blasium
578 831 717 910 judicem
751 831 984 912 proposuisset,
1016 831 1105 912 quod
1130 830 1196 912 ipse
1230 829 1401 912 premissos
1425 828 1505 888 duo·

239 941 341 1001 decim
368 959 483 1020 porcos
508 939 651 998 eiusdem
677 937 775 1018 recipi
799 936 923 997 lecisset
940 951 971 997 et
994 956 1060 1017 quo
1077 936 1242 1013 voluisset,
1267 934 1410 1010 fecissen
1427 947 1504 994 tunc

240 1048 306 1128 ipse
332 1046 457 1106 blasius
482 1044 575 1123 judex
602 1043 707 1104 eidem
733 1043 849 1125 ltadoy
873 1062 980 1103 coram
1006 1043 1100 1104 nobis
1124 1042 1245 1124 judicio
1269 1056 1370 1104 astare
1395 1054 1426 1101 et
1450 1059 1505 1121 pa·

240 1174 306 1214 rere
332 1174 363 1213 se
389 1173 453 1214 non
481 1152 574 1228 velle,
600 1150 749 1228 dicend0,
783 1150 870 1230 quod
896 1170 956 1210 nos
987 1150 1113 1210 racione
1140 1150 1337 1230 receptionis
1361 1148 1504 1229 ipsorum

240 1279 409 1342 porcorum
435 1259 483 1318 sui
508 1256 630 1337 judices
655 1276 718 1317 non
745 1276 896 1333 essemus,
922 1271 952 1317 et
970 1256 1110 1332 dixisset,
1136 1255 1223 1337 quod
1250 1255 1316 1336 ipse
1335 1254 1505 1336 premissos

240 1386 355 1447 porcos
380 1366 520 1445 recipere
546 1362 680 1439 fecisset,
706 1362 760 1423 sed
794 1362 915 1438 judicio
948 1378 1047 1423 astare
1072 1362 1168 1423 vellet
1200 1381 1307 1423 coram
1333 1359 1504 1441 magnifico

241 1473 375 1534 domino
401 1472 545 1532 ,iohanne
579 1470 705 1551 Thwzy
738 1470 889 1550 magistro
923 1470 1009 1530 curie
1043 1471 1129 1550 regie
1164 1470 1337 1531 Maiestatis
1361 1484 1392 1531 et
1416 1467 1505 1548 regni

242 1578 414 1641 Sclauonie
448 1579 551 1651 bano;
588 1596 624 1635 ex
650 1590 737 1656 parte
769 1577 860 1636 cuius
892 1568 997 1636 Blasii'
1021 1575 1136 1654 judicis
1168 1595 1227 1636 nos
1259 1577 1364 1637 eidem
1390 1575 1506 1657 Radoy

241 1684 364 1766 justicie
390 1697 419 1744 et
444 1682 673 1744 satisfaccionis
697 1683 970 1763 complementum
995 1682 1149 1764 impertiri
1174 1703 1238 1743 non
1263 1684 1424 1744 valuimus
1448 1702 1507 1743 nec

242 1791 414 1872 potuimus.
442 1788 640 1869 Quiquidem
660 1788 774 1869 lladoy
789 1808 805 1847 e
820 1808 975 1848 converso
994 1789 1142 1850 Michaeli
1168 1802 1199 1850 et
1216 1789 1317 1850 Paulo
1342 1788 1507 1850 modernis

241 1897 351 1978 juratis
384 1910 414 1956 et
450 1896 636 1955 concivibus
669 1895 786 1954 nostris
825 1909 925 1955 certas
958 1915 1007 1954 res
1039 1914 1150 1955 eorum
1183 1894 1443 1956 mercimoniales
1474 1894 1506 1955 in

241 2003 356 2064 eodem
382 2003 502 2083 oppido
529 2002 750 2061 Jazrrebarzka
776 2001 904 2061 racione
926 2001 1125 2081 recepcionis
1149 2001 1309 2062 dictorum
1334 2019 1506 2084 porcorum

243 2122 419 2185 arestasset,
455 2126 512 2167 nec
544 2108 671 2167 easdem
706 2126 754 2165 res
786 2106 878 2167 aliter
909 2107 968 2166 nisi
1002 2107 1040 2166 ad
1073 2106 1280 2168 literatoriam
1312 2105 1508 2188 peticionem

243 2215 366 2276 domini
394 2215 450 2274 Jan
477 2213 603 2273 comitis
628 2213 763 2292 Zagorie
789 2225 819 2273 et
844 2213 933 2292 regni
960 2213 1133 2273 Sclauonie
1158 2213 1231 2273 bani
1258 2213 1379 2273 eisdem
1405 2211 1507 2272 Paulo

243 2337 273 2383 et
299 2321 447 2382 Michaeli
473 2319 711 2397 extradedisset,
736 2334 767 2379 et
791 2320 864 2399 quia
893 2316 1036 2399 prefatus
1066 2320 1181 2402 Radoy
1205 2319 1353 2381 officialis
1377 2319 1505 2379 racione

246 2428 422 2488 oblacionis
448 2427 605 2487 dictorum
629 2425 801 2486 duodecim
821 2445 991 2506 porcorum
1018 2441 1125 2487 contra
1143 2446 1202 2487 nos
1226 2424 1349 2508 prelato
1373 2426 1509 2487 domino

246 2535 303 2594 Jan
329 2533 436 2593 comiti
464 2533 598 2612 Zagorie
624 2546 654 2592 et
679 2532 763 2591 bano
788 2532 893 2591 taliter
911 2520 1105 2613 conquestus
1130 2531 1249 2609 luisset,
1275 2531 1361 2613 quod
1388 2551 1447 2591 nos
1471 2551 1509 2592 ex

245 2654 332 2720 parte
358 2638 500 2699 eiusdem
530 2638 624 2698 Blasii
650 2637 764 2717 judicis
789 2638 892 2698 eidem
922 2637 1176 2699 satisfaccionem
1203 2637 1305 2699 lacere
1330 2652 1360 2698 et
1385 2638 1509 2719 impen-

246 2748 320 2807 dere
346 2746 571 2822 noluissemus,
597 2764 658 2825 qua
685 2744 723 2803 de
750 2764 782 2804 re
808 2744 948 2825 prelatus
974 2746 1125 2806 dominus
1150 2748 1251 2806 banus
1276 2745 1369 2806 nobis
1385 2744 1510 2825 scripsit

244 2853 309 2913 suis
334 2851 432 2912 literis
457 2851 673 2910 mediantibus
690 2866 720 2910 et
743 2852 842 2911 eciam
861 2866 1009 2913 oretenus
1027 2853 1187 2912 commisit
1204 2867 1235 2912 et
1258 2852 1346 2912 dedit
1370 2852 1400 2911 in
1419 2870 1509 2912 man·

246 2959 336 3035 datis,
357 2973 388 3017 ut
413 2977 470 3016 nos
495 2977 530 3016 ex
557 2973 643 3037 parte
663 2958 761 3037 ipsius
787 2958 881 3017 Blasii
902 2958 1015 3029 iudicis
1040 2959 1144 3019 eidem
1163 2959 1278 3040 lladoy
1296 2958 1402 3019 debite
1420 2959 1509 3018 satis·

247 3064 398 3124 leccionis
424 3063 868 3142 complementumderebus
893 3080 921 3124 et
948 3066 1041 3124 bonis
1058 3066 1122 3125 suis
1140 3064 1241 3125 lacere
1267 3080 1297 3125 et
1322 3064 1508 3145 impendere

247 3171 477 3229 debuissemus.
506 3169 544 3227 Et
569 3169 643 3248 quia
670 3167 810 3249 prelatus
837 3171 949 3250 lladoy
967 3172 1099 3232 sabbato
1125 3171 1272 3252 proximo
1297 3185 1368 3251 post
1393 3169 1507 3231 festum

247 3277 328 3335 beati
356 3275 507 3354 Stephani
535 3276 616 3353 regis
642 3276 785 3355 proxime
812 3278 973 3355 preterim,
1000 3278 1029 3336 in
1056 3278 1199 3337 medium
1225 3278 1322 3337 nostri
1350 3277 1379 3336 in
1407 3277 1510 3337 consi·

246 3382 379 3441 storium
415 3395 559 3440 nostrum
595 3382 739 3458 venisset,
773 3382 825 3441 ubi
853 3382 943 3460 jurati
979 3383 1061 3443 dicte
1095 3384 1230 3443 civitatis
1265 3383 1369 3443 eidem
1397 3383 1510 3464 lladoy

248 3489 351 3568 priam
377 3486 592 3562 juramentum
618 3487 747 3547 solimet
772 3488 886 3547 eodem
917 3489 968 3547 die
1001 3490 1122 3549 sabbati
1149 3489 1371 3563 adjudicarunt
1396 3489 1511 3565 taliter,

248 3596 334 3675 qtrod
362 3595 418 3674 ipsi
446 3594 532 3673 porci
559 3593 605 3653 sui
634 3595 752 3673 proprii
780 3607 809 3653 et
835 3614 892 3674 pro
917 3596 980 3654 suis
1002 3596 1164 3676 peccuniis
1189 3597 1285 3676 empti
1314 3594 1456 3671 luissent,
1482 3610 1511 3654 et

248 3702 335 3781 quod
362 3701 485 3760 nullum
513 3701 697 3759 consocium
724 3700 762 3759 ad
788 3701 918 3760 eosdem
953 3722 1067 3782 porros
1092 3702 1253 3761 habuisset
1278 3716 1308 3762 et
1332 3721 1393 3781 que
1419 3702 1510 3761 trice·

249 3810 327 3867 sima
354 3808 392 3867 de
418 3807 537 3866 eisdem
565 3806 669 3886 porris
695 3808 861 3887 provenire
887 3808 1058 3883 debuisset,
1085 3810 1114 3867 in
1141 3829 1192 3867 ara
1218 3822 1322 3868 sancte
1349 3808 1462 3867 Crucis
1480 3808 1510 3867 in

250 3914 380 3974 ecclesia
415 3927 519 3973 nostra
555 3912 727 3992 parochiali
753 3915 851 3974 sancti
887 3915 983 3975 Marci
1018 3915 1221 3993 ewangeliste
1255 3930 1392 3996 prestare
1423 3929 1511 3975 tene·

250 4020 356 4093 bitur;
381 4020 571 4079 secundario
605 4038 679 4077 vern
705 4020 791 4079 aliud
826 4020 1039 4097 juramentum
1074 4022 1187 4081 eodem
1221 4023 1271 4080 die
1307 4023 1371 4101 ipse
1397 4021 1511 4101 lladoy

251 4141 388 4205 prestare
415 4126 444 4183 in
465 4144 502 4183 eo
528 4125 696 4198 tenebitur,
722 4126 808 4203 quod
835 4146 893 4206 pro
918 4129 1045 4206 quamtis
1064 4129 1148 4207 ipsos
1173 4148 1287 4208 porcos
1312 4128 1378 4207 ipse
1398 4128 1510 4207 lladoy

251 4232 388 4292 emisset.
416 4232 454 4290 lit
479 4232 531 4310 qui
559 4230 698 4310 prelatus
733 4232 846 4313 liadoy
879 4234 948 4313 ipso
982 4235 1032 4292 die
1058 4235 1179 4293 sabbati
1215 4235 1279 4314 ipse
1306 4234 1419 4313 lladoy
1445 4234 1511 4313 ipsa

251 4357 306 4397 sua
333 4336 509 4413 juramenta
543 4338 601 4397 sibi
636 4337 816 4407 arlittdicata
850 4354 944 4418 prout
977 4339 1112 4399 debebat
1148 4340 1357 4418 deposuisset,
1383 4354 1412 4398 et
1437 4339 1511 4419 quia

253 4445 318 4523 ipse
346 4443 458 4523 lladny
484 4445 520 4502 ad
549 4444 659 4521 viginti
687 4444 754 4503 llor.
781 4446 847 4503 auri
880 4444 1022 4515 iurasset,
1048 4466 1104 4525 pro
1137 4446 1265 4525 quantis
1290 4448 1374 4526 ipsos
1399 4466 1514 4526 porcos

252 4550 391 4621 emisset,
418 4550 554 4630 ideoque
581 4570 639 4609 nos
664 4549 768 4623 judex,
795 4550 884 4621 iurati
910 4551 993 4611 dicte
1023 4552 1158 4611 civitatis
1183 4552 1221 4611 de
1247 4554 1342 4612 rebus
1366 4568 1395 4611 et
1421 4553 1514 4611 bonis

253 4654 394 4714 eiusdem
423 4655 516 4714 lllasii
537 4655 650 4727 iudicis
674 4657 778 4716 eidem
799 4657 912 4739 llsdoy
931 4658 1101 4738 premissos
1125 4657 1236 4735 viginti
1256 4656 1325 4719 llor.
1342 4659 1409 4718 auri
1428 4658 1512 4733 juxta

253 4760 439 4821 mandatum
466 4761 675 4823 literatorium
702 4764 799 4843 ipsius
832 4763 954 4823 domini
981 4765 1038 4823 lan
1065 4763 1198 4842 Zagorie
1232 4763 1359 4823 comitis
1383 4779 1413 4824 et
1438 4764 1511 4824 bani
