3488 5272
235 250 299 312 472
650 232 737 291 Anno
760 227 851 308 1478.
875 264 919 276 -
942 228 973 293 8.
997 231 1083 294 maii.
1119 284 1123 289 .

1153 338 1499 347 ——-—-----—

238 444 343 527 posuit
367 442 582 525 juramentum
607 461 703 524 super
724 461 774 519 eo,
806 442 894 523 quod
925 441 1066 524 prefatus
1090 442 1236 505 Thomas
1258 443 1298 504 ad
1323 443 1499 505 terminum

236 550 296 612 sibi
322 548 476 631 prefixum
502 569 560 630 pro
584 548 723 629 quadam
749 547 874 629 justicia
897 549 957 611 sibi
985 549 1214 611 aministranda
1239 546 1380 612 infacto
1396 550 1498 612 Marci

237 655 460 719 Gwrakowicz
485 675 549 716 non
575 655 661 717 venit
685 674 791 736 neque
808 656 904 734 misit,
929 675 1034 738 neque
1059 657 1181 718 curavit
1197 656 1323 718 mittere
1347 656 1500 719 videlicet

236 776 309 845 post
331 777 480 824 octavum
506 761 591 822 diem
612 761 672 821 sibi
697 760 865 842 prefixum.

342 870 418 931 Item
445 888 537 930 causa
563 869 645 931 inter
668 867 870 930 Anthonium
891 866 1087 949 lutifigulum
1110 881 1142 930 et
1165 868 1306 931 Blasium
1330 883 1499 949 sartorem,

237 977 304 1059 ipse
329 976 453 1038 Blasius
483 989 584 1037 sartor
615 975 751 1056 prestitit
781 973 996 1055 juramentum
1026 974 1104 1037 feria
1135 990 1221 1037 sexta
1246 977 1391 1058 proxima
1424 992 1499 1059 post

237 1096 364 1144 octavas
389 1083 496 1160 Pasce,
520 1082 583 1163 jam
600 1081 746 1163 proxime
763 1081 961 1162 preteritum,
984 1101 1151 1163 supereo,
1174 1082 1263 1164 quod
1287 1082 1354 1165 ipse
1373 1084 1499 1145 Blasius

239 1190 362 1251 nullam
386 1189 570 1250 societatem
596 1187 709 1249 babuit
733 1206 806 1247 cum
832 1187 902 1248 Elia
926 1187 1113 1269 presbitero.

343 1295 420 1357 Item
456 1295 593 1357 Michael
625 1293 710 1355 filius
741 1292 831 1354 Pauli
865 1293 1028 1375 Jagathicz
1060 1295 1282 1376 comprobavit
1312 1295 1498 1358 testimonio
1572 1334 1577 1349 ·

239 1401 413 1483 fidedigno,
439 1401 589 1463 videlicet
613 1401 661 1460 isti
695 1413 788 1460 testes
820 1414 894 1461 sunt
926 1399 1010 1477 fassi,
1035 1400 1184 1462 videlicet
1215 1401 1333 1462 Paulek
1358 1400 1498 1463 carnifex

239 1524 269 1570 et
294 1508 430 1570 Mathias
455 1506 594 1569 carnifex
619 1507 767 1567 concives
792 1506 891 1567 nostri
916 1522 946 1568 et
968 1506 1089 1567 Petricz
1115 1506 1326 1569 Bedekowicz
1350 1508 1499 1570 similiter

236 1616 378 1678 concivis
402 1616 461 1677 isto
486 1615 595 1691 modo,
621 1614 708 1695 quod
734 1614 800 1695 ipse
826 1613 943 1674 Paulus
976 1613 1115 1694 Jagaticz
1140 1614 1172 1675 in
1196 1614 1261 1675 suis
1285 1615 1435 1676 extremis
1452 1614 1498 1678 le·

238 1722 325 1801 gavit
356 1720 560 1781 medietatem
587 1719 688 1779 civilis
720 1718 824 1779 eidem
858 1718 1006 1780 Michaeli
1041 1732 1072 1780 et
1103 1720 1238 1781 Nicolao
1263 1719 1337 1781 filiis
1367 1720 1433 1782 suis
1457 1719 1498 1784 de

238 1828 339 1908 prima
354 1826 490 1907 conjuge
508 1826 599 1903 natis,
617 1826 711 1886 aliam
730 1825 933 1886 medietatem
948 1826 1037 1886 uxori
1052 1846 1107 1887 sue
1125 1826 1279 1888 moderne
1303 1840 1334 1888 et
1358 1825 1498 1889 Johanoi

238 1945 268 1994 et
294 1933 493 2013 Margarcthe
518 1932 661 2013 prolibus
685 1932 750 1991 suis
775 1931 814 1991 de
843 1931 916 2007 hac¹
935 1931 1045 1992 ultima
1071 1951 1168 1993 uxore
1200 1932 1392 2014 procreatis;
1418 1933 1496 1994 item

238 2053 354 2100 terram
373 2039 525 2099 arabilem
544 2037 745 2098 Jarchenicza
764 2052 907 2097 vocatam
930 2037 1048 2117 legavit
1065 2036 1214 2099 Michaeli
1238 2037 1306 2099 filio
1323 2056 1399 2114 suo;
1416 2038 1493 2101 item

237 2146 363 2204 vineam
381 2144 628 2205 Stechowzchak
642 2143 793 2203 omnibus
810 2143 936 2203 nullum
954 2116 1160 2224 excipiendo3
1186 2144 1261 2205 item
1278 2157 1394 2206 terram
1412 2144 1495 2207 circa

239 2250 433 2333 Cyrkwisca,
451 2252 654 2311 medietatem
670 2249 758 2310 uxori
774 2250 855 2309 Nesa
874 2263 995 2326 vocate,
1009 2249 1105 2310 aliam
1125 2250 1330 2311 medietatem
1341 2249 1497 2332 prolibus.

344 2357 419 2419 item
453 2359 483 2416 in
518 2376 610 2417 causa
644 2357 725 2417 inter
757 2355 964 2416 Valentinum
1001 2356 1210 2438 Kocy..icz
1243 2370 1274 2418 et
1306 2355 1499 2419 Michaelem

239 2464 415 2545 Oprasnicz
452 2483 509 2544 pro
542 2464 680 2543 quadam
717 2475 798 2522 terra
836 2463 866 2522 in
903 2475 1094 2523 testamento
1126 2460 1203 2523 alias
1235 2481 1292 2544 per
1323 2462 1498 2543 quemdam

239 2570 369 2633 Gallum
401 2585 540 2630 sutorem
573 2571 674 2649 legata
709 2568 835 2629 cuidam
869 2568 1048 2646 juvencula,
1081 2584 1152 2650 post
1184 2582 1320 2631 mortem
1353 2569 1497 2632 eiusdem

238 2677 407 2759 juvencule
432 2696 488 2757 per
512 2677 632 2757 judices
657 2690 687 2735 et
704 2674 822 2752 juratos
847 2688 893 2736 est
910 2674 1089 2756 adjudicata
1112 2672 1234 2756 prefato
1261 2674 1410 2737 Michaeii
1428 2674 1497 2738 filio

240 2783 426 2865 Ommmm.

344 2890 419 2950 item
441 2890 470 2948 in
498 2888 579 2949 iacto
606 2888 706 2948 Kirini
726 2909 798 2948 cum
816 2886 964 2949 fratribus
981 2888 1079 2947 sancti
1105 2887 1264 2948 Francisci
1283 2907 1340 2969 pro
1356 2887 1498 2968 quadarn

211 3052 213 3057 .
240 3012 332 3074 terra,
358 2996 574 3073 adjudicatum
589 3010 633 3054 cst
658 3015 713 3075 per
730 2996 858 3074 juratos,
884 2993 971 3074 quod
989 2994 1118 3054 terciam
1139 3009 1259 3074 partem
1278 3013 1333 3055 seu
1351 2994 1499 3075 precium

241 3104 336 3163 tercie
362 3102 458 3182 partis
487 3101 629 3160 eiusdem
656 3115 735 3160 terre
760 3101 862 3161 solvat
885 3097 1033 3161 fratribus
1058 3100 1217 3180 predictis.

344 3209 419 3268 item
446 3209 476 3266 in
503 3206 586 3267 iacto
612 3227 668 3287 pro
694 3207 833 3286 quodam
865 3209 946 3267 bove
973 3208 1056 3266 Luce
1092 3207 1238 3266 liibaricz
1265 3226 1337 3268 cum
1363 3207 1499 3269 domino

239 3313 394 3389 Bernaba,
419 3312 637 3389 adjudicatum
664 3328 718 3389 est,
745 3313 831 3392 quod
857 3314 915 3372 bos
940 3313 1082 3372 mauebit
1108 3314 1191 3373 Luce
1217 3327 1247 3374 et
1272 3314 1405 3375 domino
1424 3314 1498 3375 Bar·

239 3421 320 3479 nabe
345 3419 479 3498 pecunia
503 3419 656 3479 redditur.

346 3524 422 3584 Item
449 3524 478 3582 in
506 3523 588 3584 facto
607 3523 723 3605 Filippi
740 3523 862 3606 Dwdey
880 3543 951 3583 cum
971 3524 1067 3600 Beda,
1086 3525 1303 3605 adjudicatum
1322 3540 1368 3587 est
1393 3525 1498 3588 eidem

241 3631 327 3693 Bcde
353 3631 502 3690 Katcrina
536 3645 646 3691 vocate
679 3644 816 3711 prestare
850 3630 1081 3709 juramentum,
1117 3634 1204 3712 quod
1239 3633 1304 3713 ipsa
1337 3652 1402 3694 non
1426 3653 1497 3715 per·

243 3740 338 3798 cussit
363 3737 534 3819 quamdam
561 3737 727 3797 mulierem
755 3737 785 3796 in
811 3737 909 3797 domo
935 3738 1043 3818 ipsius,
1068 3739 1122 3798 scd
1147 3739 1250 3800 solum
1276 3740 1376 3800 trusit.

347 3846 423 3906 ltem
449 3845 479 3904 in
507 3842 589 3904 iacto
615 3845 742 3905 Andree
767 3844 894 3921 (fratris,t
916 3845 1038 3906 domini
1063 3847 1217 3907 iohannis
1242 3849 1369 3907 racione
1394 3848 1498 3909 cuius·

240 3953 312 4012 dam
340 3953 455 4012 domus
478 3951 574 4012 Marci
602 3950 823 4011 Gwrakovvicz
856 3952 1074 4031 adjudicatum
1107 3968 1161 4030 est,
1187 3954 1274 4033 quod
1301 3954 1497 4035 quicumque

240 4072 294 4118 aut
318 4058 341 4116 si
369 4059 521 4118 Nicolaus
547 4056 701 4117 Hortvath
728 4057 794 4117 vult
816 4057 930 4118 habere
957 4059 1131 4139 predictam
1151 4060 1283 4119 domum
1310 4075 1424 4121 extunc
1442 4080 1494 4141 pe·

241 4166 367 4224 cuniam
393 4184 447 4224 seu
473 4164 617 4224 debitum
642 4163 785 4223 eiusdem
819 4165 946 4224 Andree
977 4165 1136 4246 deponere
1170 4179 1325 4242 teneatur,
1350 4166 1497 4227 videlicet

241 4270 409 4350 pecuniam
435 4289 531 4349 quam
557 4271 659 4330 solvat
683 4267 791 4329 comiti
817 4283 926 4329 nostro
952 4285 981 4330 et
1009 4290 1098 4330 suam
1124 4272 1291 4352 pecuniam
1318 4272 1413 4333 aliam
1437 4272 1498 4333 sibi

240 4375 399 4449 debitam3
426 4376 491 4454 ipse
516 4376 668 4436 Nicolaus
694 4393 756 4434 non
782 4387 950 4434 contentus
972 4375 1145 4456 appellavit
1170 4377 1208 4437 ad
1235 4378 1377 4440 alciores.

347 4480 423 4540 ltenr
449 4482 600 4541 Nicolaus
625 4479 712 4543 iabcr
744 4481 893 4542 citaverat
919 4481 1091 4542 Martinum
1118 4484 1275 4564 Spilusicz
1300 4484 1339 4544 ad
1363 4484 1496 4545 tercium

241 4585 406 4664 judicium,
431 4586 485 4646 sed
512 4587 665 4648 Nicolaus
689 4585 776 4649 faber
801 4607 864 4649 non
888 4588 1066 4668 comparuit
1083 4590 1138 4669 qui
1165 4589 1315 4650 citaverat
1334 4591 1498 4670 Mathiam,

241 4714 341 4776 usque
367 4690 462 4755 finem
490 4694 680 4775 comparuit,
704 4709 734 4757 et
758 4692 818 4757 hoc
844 4693 903 4758 fuit
927 4714 985 4777 pro
1010 4694 1101 4757 milio
1127 4696 1221 4758 unius
1247 4694 1341 4758 dicte.
