3464 5266
607 312 692 369 Anno
714 308 811 389 1468.
837 346 877 354 -
902 327 931 372 2.
955 310 1118 372 decembris.
1433 329 1494 394 343

259 531 355 605 lesia
383 541 480 604 sexta
509 531 662 621 proxima
690 538 767 620 post
796 532 918 604 festum
947 533 1035 603 beati
1059 531 1284 604 bartholomei
1314 534 1468 620 apostoli.

748 682 814 761 (26.
839 685 982 759 augusti).

342 826 418 888 Item
447 846 541 887 causa
567 827 648 887 inter
677 826 819 887 Vlricum
845 827 1035 905 institorem,
1064 828 1103 888 ab
1122 846 1195 906 una,
1220 841 1250 888 et
1275 827 1356 888 inter
1374 826 1496 887 l‘hister

236 947 281 993 est
306 947 476 1014 prorogata
501 932 540 993 ad
566 933 704 1014 primum
723 932 878 1013 judicium
907 933 932 993 si
958 947 1108 1013 poterunt
1133 933 1338 995 concordare.

340 1039 416 1099 ltem
441 1058 570 1099 causam
596 1039 676 1100 inter
701 1037 878 1119 Georgium
904 1039 1109 1121 lelowchych
1142 1053 1172 1100 et
1197 1040 1277 1100 inter
1303 1038 1495 1101 Michaelem

238 1146 408 1229 pellificem
435 1165 580 1228 parvum,
613 1146 761 1207 concives
793 1160 928 1224 nostros,
953 1148 1081 1208 racione
1112 1146 1348 1208 deseccacionis
1378 1146 1497 1207 canalis

235 1254 334 1335 ipsius
359 1252 503 1333 Georgii,
528 1253 620 1331 jurati
645 1251 920 1330 adjudicaverunt,
945 1253 1032 1333 quod
1058 1273 1094 1313 ex
1112 1273 1177 1333 quo
1201 1253 1322 1335 judices
1347 1267 1378 1314 et
1403 1252 1496 1333 jurati

235 1362 462 1422 commiserant
488 1376 517 1421 et
543 1359 696 1421 dederant
726 1359 946 1421 auctoritatem
988 1360 1074 1439 quod
1108 1360 1174 1441 ipse
1200 1359 1360 1420 debuisset
1384 1356 1495 1421 fortifi-

235 1487 305 1528 care
332 1486 423 1527 suum
451 1466 615 1544 celarium,
639 1465 727 1546 quod
753 1466 811 1546 ipsi
830 1468 925 1526 ambo
951 1466 1054 1546 ipsum
1072 1466 1183 1527 canale
1208 1466 1361 1527 deberent
1386 1485 1496 1547 prepa-

233 1594 321 1649 rare;
346 1574 385 1633 de
411 1592 475 1653 quo
500 1571 620 1651 judicio
639 1572 704 1652 ipse
730 1570 890 1651 Georgius
907 1571 1111 1653 lelowchych
1133 1591 1198 1632 non
1215 1584 1395 1649 contentus,
1420 1589 1493 1631 ean-

234 1681 308 1740 dem
333 1698 460 1740 causam
485 1677 659 1760 appellavit
683 1677 722 1737 ad
747 1678 888 1739 seniores
913 1677 1044 1759 judices.

341 1786 418 1846 ltem
444 1785 517 1866 quia
544 1785 662 1845 Paulus
694 1783 840 1865 Hagwgh
873 1799 991 1846 metam
1024 1786 1183 1847 vinealem
1216 1785 1356 1868 Philippi
1380 1787 1497 1848 sutoris

234 1893 367 1954 violavit
391 1907 421 1954 et
456 1892 653 1973 ligonizavit,
686 1892 851 1953 convictus
887 1906 934 1953 est
965 1907 1075 1953 contra
1108 1893 1212 1974 ipsum
1246 1893 1431 1977 Philippum
1464 1894 1496 1954 in

235 1999 318 2060 lacto
343 1999 501 2081 potencie.

340 2106 416 2166 ltem
442 2105 516 2185 quia
540 2123 668 2164 causam
696 2105 776 2165 inter
809 2104 977 2165 dominum
1009 2104 1181 2165 Martinum
1207 2105 1432 2186 presbiterum,
1457 2107 1497 2167 ab

234 2231 307 2289 una,
332 2226 363 2272 et
388 2211 469 2272 inter
494 2209 673 2270 lohannem
693 2210 848 2292 llwalych
873 2211 1001 2271 racione
1018 2210 1209 2291 suspicionis
1232 2207 1306 2272 furti
1331 2211 1496 2273 lardorum

234 2338 289 2398 per
315 2317 471 2377 famulum
497 2335 590 2376 suum
616 2332 646 2377 et
671 2317 752 2377 circa
778 2317 881 2397 ipsum
907 2317 1112 2397 portationis,
1145 2316 1237 2394 jurati
1262 2316 1496 2398 adjudicarunt,

234 2424 322 2504 quod
348 2425 415 2505 ipse
442 2423 604 2484 lohannes
627 2424 781 2484 solusmet
806 2423 908 2501 jurare
926 2423 1086 2484 tenebitur
1111 2423 1142 2483 in
1167 2442 1219 2483 ara
1241 2436 1348 2485 sancte
1373 2422 1496 2501 Crucis,

233 2530 321 2610 quod
348 2549 405 2590 nec
431 2530 497 2610 ipse
531 2549 587 2589 nec
614 2548 691 2589 uxor
722 2547 778 2589 sua
809 2528 915 2588 nullos
947 2527 1054 2589 lardos
1087 2528 1186 2609 ipsius
1210 2528 1334 2591 domini
1367 2528 1495 2589 Martini

235 2637 378 2718 percepit
401 2635 440 2696 ad
466 2636 599 2696 domum
624 2654 713 2696 suam
739 2655 755 2694 a
781 2633 902 2696 famulo
927 2635 1081 2697 eiusdem.

339 2741 415 2802 ltem
431 2741 506 2821 quia
525 2742 626 2800 lucas
644 2756 733 2801 sutor
749 2761 847 2821 gener
860 2741 1021 2802 Valentini
1040 2741 1079 2802 de
1097 2740 1245 2802 Vrboucz
1263 2755 1372 2802 contra
1393 2740 1496 2801 domi·

234 2867 310 2907 num
338 2848 510 2908 Martinum
529 2846 633 2926 primo
658 2846 772 2907 citatus
790 2865 854 2907 non
881 2847 1060 2927 comparuit
1078 2847 1109 2906 in
1127 2846 1248 2927 judicio
1265 2866 1373 2908 coram
1391 2847 1495 2907 nobis.

339 2953 416 3015 ltem
451 2953 526 3033 quia
560 2952 740 3033 Stephanus
775 2968 864 3013 sutor
896 2953 1012 3034 longus
1036 2954 1141 3033 primo
1175 2967 1284 3015 contra
1317 2953 1495 3014 lohannem

234 3059 390 3141 Hwalycb
417 3060 540 3135 citatus,
567 3078 629 3118 non
656 3060 835 3141 comparuit
860 3079 967 3119 coram
993 3061 1096 3122 nobis.

341 3166 416 3226 ltem
443 3165 534 3243 jurati
560 3163 824 3240 adjudicaverunt
850 3166 881 3225 in
906 3186 999 3226 causa
1023 3166 1104 3227 inter
1130 3164 1283 3227 Mathiam
1308 3185 1494 3247 arcuparem

234 3288 263 3333 et
282 3273 363 3332 inter
381 3271 517 3330 Wlltech
536 3271 708 3349 agricolam
728 3271 855 3332 racione
874 3272 1065 3352 suspicionis
1082 3271 1316 3332 deseccacionis
1331 3291 1387 3332 sue
1404 3272 1495 3349 silve,

235 3378 322 3459 quod
350 3379 416 3458 ipse
442 3377 578 3437 Wlkcch
604 3377 785 3438 terciusmet
817 3377 920 3457 jurare
945 3378 1105 3439 tenebitur
1137 3376 1215 3439 feria
1240 3393 1326 3439 sexta
1349 3379 1495 3460 proxime

234 3500 378 3560 ventura,
404 3484 491 3563 quod
518 3484 584 3564 ipse
610 3502 674 3543 non
708 3483 884 3544 deseccavit
908 3484 1021 3544 silvam
1055 3484 1153 3565 ipsius
1179 3483 1297 3544 Mathie
1323 3485 1496 3566 arcuparis.

340 3591 417 3652 ltcm
443 3590 658 3668 juramentum
685 3590 849 3651 benedicti
876 3590 1036 3672 Krwpyclr
1062 3604 1106 3651 est
1132 3604 1351 3672 prorogatum.

295 3827 389 3900 lerin
418 3839 513 3900 sexta
544 3831 698 3918 proxima
727 3838 805 3899 ante
833 3829 953 3900 festum
983 3830 1079 3900 beate
1107 3830 1257 3902 Barbare
1285 3828 1435 3918 virginis,

681 3952 829 4040 proxime
857 3963 1043 4025 venturum.

732 4114 777 4184 (2.
801 4101 977 4176 decembris).

341 4246 416 4306 ltem
443 4247 517 4327 quia
536 4247 640 4326 primo
666 4247 790 4307 Blasius
807 4247 1005 4329 Wythesych
1029 4262 1139 4309 contra
1157 4246 1318 4307 Andream
1343 4260 1495 4307 sartorem

231 4373 387 4434 generum
415 4353 586 4435 l'erou'ych
613 4354 736 4430 citatus,
762 4373 827 4414 non
853 4354 1034 4434 comparuit
1059 4354 1089 4413 in
1117 4352 1235 4428 judicio
1260 4372 1367 4413 coram
1393 4352 1496 4414 nobis.

339 4460 414 4520 ltcm
433 4480 560 4520 causam
580 4459 660 4521 inter
685 4462 820 4521 Paulum
841 4460 905 4520 Lah
925 4474 954 4519 et
972 4459 1156 4520 Emericum
1174 4458 1320 4520 Zcrthcw
1346 4477 1494 4540 procura·

232 4580 334 4626 torem
361 4566 504 4627 eiusdem
530 4580 561 4628 et
585 4568 666 4628 inter
691 4567 869 4627 lohanncm
899 4565 1073 4648 Perorrych
1099 4566 1226 4626 racione
1252 4565 1417 4626 cuiusdam
1442 4563 1496 4627 da·

232 4672 351 4733 maschi
377 4673 489 4754 viginti
516 4688 653 4753 quatuor
679 4672 826 4733 ulnarum
852 4672 969 4733 xxxtl
989 4672 1057 4732 flor.
1082 4671 1150 4732 auri
1171 4671 1316 4750 valentis,
1341 4671 1433 4752 jurati
1450 4686 1496 4734 ta·

231 4779 303 4840 liter
328 4779 562 4856 adjudicarunt,
587 4780 674 4861 quod
701 4780 766 4863 ipse
792 4780 954 4841 lohannes
979 4778 1152 4862 Perowych
1187 4778 1219 4839 in
1244 4798 1283 4840 eo
1308 4777 1385 4840 feria
1410 4793 1496 4841 sexta
