3488 5272
240 204 303 284 360
603 204 689 260 Anno
712 200 806 280 1469.
831 236 873 245 —
897 213 943 277 17.
968 201 1139 261 novembris.

237 311 337 319 -,-.--
349 311 394 318 ——-
406 311 447 317 -ι
459 310 561 317 .---.....-
582 312 589 316 .
1133 310 1164 315 --.
1176 308 1358 315 -------
1373 309 1500 316 .-ιι-.-

238 415 517 478 dehonestacionis
543 414 687 476 eiusdem
713 413 887 491 Dorothee,
912 413 943 474 in
969 413 1089 494 judicio
1121 414 1310 496 comparuit,
1334 433 1397 495 que
1426 433 1503 475 con·

238 543 306 584 sors
331 523 430 606 ipsius
454 522 618 602 Pangracii
645 522 741 602 peciit
760 521 943 581 ulteriorem
963 521 1048 581 diem
1074 519 1241 600 juridicam
1267 520 1503 602 respondendi;

239 631 288 690 cui
315 630 407 690 datus
432 642 478 690 est
502 626 657 689 terminus
680 627 784 708 prima
809 627 877 687 dies
894 625 1052 705 judicialis
1077 627 1117 687 ad
1141 627 1414 708 respondendum,
1439 646 1502 708 que

238 737 399 798 tenebitur
424 754 618 816 comparere.

346 842 421 903 ltem
449 843 478 901 in
506 860 599 901 causa
624 841 705 900 inter
724 839 837 920 Elyam
863 837 1002 899 fusorem
1021 858 1248 919 canipanarum
1268 854 1298 900 et
1322 840 1402 899 inter
1420 840 1502 900 Mar·

238 949 340 1009 tinum
367 947 505 1027 judicem
532 947 659 1007 racione
677 945 841 1006 cuiusdam
860 945 938 1005 silve
962 945 1098 1005 condam
1117 945 1212 1005 Blasii
1232 944 1503 1026 cnivdavchych,

239 1055 366 1115 racione
392 1054 482 1114 cuius
506 1053 583 1113 silve
610 1053 676 1132 ipse
702 1051 858 1111 Martinus
879 1050 973 1130 judex
992 1051 1184 1130 vituperavit
1208 1051 1311 1131 ipsum
1337 1050 1451 1132 Elyam
1470 1050 1502 1111 in

239 1160 359 1239 judicio
384 1174 413 1220 et
440 1158 498 1220 luit
533 1159 697 1219 convictus
731 1171 839 1217 contra
871 1157 973 1238 ipsum
1001 1157 1115 1238 Elyam
1149 1156 1179 1216 in
1206 1157 1317 1236 viginti
1343 1157 1449 1238 pensis
1473 1171 1503 1217 et

240 1280 349 1328 contra
374 1264 512 1345 judicem
539 1279 569 1324 et
594 1264 713 1341 iuratos
739 1264 769 1323 in
795 1262 940 1324 ducentis
965 1263 1114 1340 denariis,
1138 1283 1201 1342 que
1226 1283 1317 1323 causa
1343 1263 1503 1344 appellata

241 1372 301 1433 luit
325 1373 363 1432 ad
389 1372 549 1446 seniores;
575 1386 606 1431 et
638 1371 712 1451 quia
739 1370 804 1452 ipse
835 1384 941 1450 partes
966 1369 996 1428 in
1033 1367 1117 1429 lacto
1149 1370 1304 1449 premisso
1328 1368 1503 1429 concorda·

240 1494 312 1541 runt
338 1494 367 1539 et
393 1499 502 1560 pacem
529 1477 682 1554 lecerunt,
706 1479 824 1553 (deest).

347 1586 422 1646 ltem
449 1605 577 1645 causam
604 1586 685 1645 inter
711 1583 842 1644 Gallum
860 1598 1013 1657 sutorem,
1031 1582 1190 1642 seniorem
1209 1582 1357 1660 juratum,
1376 1582 1503 1642 racione

240 1692 454 1774 percussionis
479 1691 602 1765 iuvenis
627 1689 731 1750 l'ratris
754 1690 801 1750 sui
828 1709 883 1769 per
912 1689 1129 1770 Gyu·nninum
1156 1689 1349 1765 berbesium,
1374 1703 1404 1750 et
1428 1690 1502 1769 quia

240 1818 304 1858 non
337 1798 441 1880 potuit
473 1797 603 1878 reperiri
636 1797 743 1876 aliqua
784 1795 910 1856 cicatrix
942 1815 1037 1876 super
1069 1795 1236 1873 juvenem,
1268 1809 1299 1855 et
1331 1795 1405 1875 quia
1438 1796 1504 1876 ipse

242 1905 355 1965 Gallus
380 1905 592 1985 captivaverat
618 1904 722 1984 ipsum
749 1902 873 1984 Gyrvan
901 1903 1081 1962 barberium
1117 1902 1155 1960 ad
1182 1916 1276 1983 caput
1300 1921 1405 1979 suum,
1430 1901 1504 1962 ideo

241 2011 306 2091 ipse
341 2031 404 2071 non
433 2025 556 2090 poterat
588 2011 692 2090 ipsum
724 2009 762 2067 ad
796 2024 889 2089 caput
922 2009 1092 2088 captivare,
1126 2008 1199 2068 ideo
1225 2009 1290 2088 ipse
1317 2008 1430 2070 Gallus
1457 2025 1503 2069 est

241 2118 405 2178 convictus
419 2131 527 2177 contra
542 2117 644 2196 ipsum
661 2114 784 2196 Gyrvun
802 2115 832 2174 in
855 2114 962 2174 medio
978 2114 1039 2174 vivi
1065 2114 1226 2194 homagii;
1245 2115 1283 2174 de
1302 2135 1367 2195 quo
1384 2114 1504 2194 judicio

240 2222 416 2302 juratorum
436 2224 501 2303 ipse
528 2222 641 2283 Gallus
673 2242 736 2281 non
756 2234 924 2281 contentus
948 2221 987 2280 ad
1013 2221 1156 2280 seniores
1181 2222 1354 2301 appellavit
1372 2221 1503 2298 judices.

348 2329 424 2388 ltem
451 2348 577 2388 causam
600 2328 680 2387 inter
699 2327 880 2386 Emericum
901 2327 1123 2407 Sydowclrvclr
1143 2343 1172 2386 et
1195 2327 1276 2387 inter
1295 2328 1503 2388 benedictum

243 2433 372 2496 Gerdalt
397 2434 529 2511 dictum,
554 2435 682 2494 racione
708 2433 896 2493 violacionis
921 2446 951 2492 et
980 2432 1281 2512 perligonizacionis
1306 2435 1398 2493 vinee
1422 2435 1504 2495 eius-

242 2540 313 2601 dem
342 2541 479 2601 Emerici
505 2555 535 2601 et
559 2553 715 2600 certarum
743 2539 854 2598 vitium
881 2539 920 2598 de
949 2540 1102 2618 porcione
1128 2541 1219 2599 vinee
1246 2540 1355 2620 ipsius,
1380 2541 1503 2601 vituum

242 2647 282 2707 ad
308 2647 433 2707 vineam
458 2666 548 2706 suam
583 2645 779 2726 recepcionis
813 2658 842 2705 et
867 2645 1089 2725 plantacionis,
1123 2646 1214 2719 jurati
1241 2645 1505 2725 adjudicaverunt

242 2755 344 2835 ipsum
373 2752 500 2814 Gerdak
527 2753 556 2811 in
584 2751 666 2812 lacto
692 2752 840 2832 potencie
874 2766 981 2811 contra
1017 2752 1120 2832 ipsum
1148 2753 1349 2827 limericum3
1374 2753 1413 2813 de
1439 2774 1504 2834 quo

242 2859 361 2935 judicio
399 2860 540 2939 ipsorum
577 2857 752 2931 iuratorum
790 2858 855 2938 ipse
891 2856 1019 2916 (lerdak
1054 2878 1117 2917 nun
1156 2873 1334 2935 contentus,
1368 2860 1503 2920 eandem

242 2985 368 3026 causam
394 2965 567 3045 appellavit
591 2965 630 3023 ael
656 2965 797 3024 seniores
823 2964 953 3037 iudices.

350 3072 425 3131 ltem
451 3090 578 3130 causam
605 3072 684 3130 inter
710 3084 890 3130 consortem
919 3070 999 3129 l‘etri
1020 3071 1177 3130 sellatoris
1202 3086 1231 3129 et
1257 3072 1338 3131 inter
1363 3072 1504 3132 relictam

243 3176 380 3237 conclam
408 3177 514 3236 llartol
540 3177 697 3236 sellatoris
723 3177 848 3235 racione
883 3176 1010 3256 euspicii
1039 3177 1290 3253 intumescimus,
1317 3197 1413 3256 ultrum
1440 3179 1504 3258 ipsa

244 3302 374 3342 consors
401 3283 498 3362 ipsius
524 3283 605 3342 l’etri
632 3296 739 3342 contra
767 3284 866 3362 ipsam
902 3286 1100 3362 proponebat
1135 3304 1191 3362 pro
1216 3286 1284 3343 viro
1309 3305 1366 3343 suo
1392 3299 1421 3344 et
1446 3286 1504 3344 sibi

243 3388 334 3465 lacte,
366 3389 457 3469 jurati
491 3390 594 3448 taliter
626 3389 860 3463 aditrdicarunt,
894 3391 980 3468 quod
1018 3389 1082 3463 ipsa
1118 3390 1225 3449 relicta
1263 3391 1370 3449 llurtul
1405 3391 1504 3461 jurare

244 3496 404 3558 tenebitur
429 3497 591 3555 terciamet
617 3515 688 3555 cum
715 3496 858 3575 personis
887 3495 946 3553 sibi
980 3495 1138 3554 similibus
1163 3498 1249 3574 qumi
1278 3498 1342 3577 ipsa
1369 3517 1432 3556 nou
1460 3499 1505 3557 in-

243 3604 435 3663 toxicaverat
461 3603 610 3675 eusdem;
634 3602 673 3662 cle
699 3623 763 3682 quo
782 3601 901 3679 judicio
928 3603 994 3680 ipsa
1019 3621 1149 3661 consors
1169 3604 1248 3662 l'eui
1276 3625 1338 3663 uon
1359 3619 1506 3664 contenta

245 3710 418 3790 appellavit
437 3709 475 3768 ud
501 3709 641 3768 seniores
659 3709 791 3786 judiees,
816 3723 845 3767 et
860 3707 962 3783 jurare
980 3709 1140 3768 tenebitur
1159 3709 1234 3769 l'eria
1260 3727 1343 3771 sextu
1364 3712 1506 3791 proxime

245 3832 387 3878 ventura.

352 3925 428 3985 ltem
462 3925 535 4004 quia
571 3923 705 3983 Michael
739 3939 827 3983 sutor
860 3944 975 4005 parvus
1008 3938 1116 3983 contra
1155 3941 1334 3984 consortem
1371 3926 1506 3984 Flmerici

247 4031 341 4111 Segin
368 4032 472 4112 primo
491 4032 603 4091 citatus
623 4050 686 4089 non
713 4032 890 4111 comparuit
910 4031 940 4090 in
960 4031 1078 4105 judicio
1096 4050 1202 4090 coram
1228 4033 1329 4107 nobis,
1348 4034 1397 4091 cui
1417 4034 1507 4092 elatus

247 4153 293 4199 est
317 4138 471 4197 terminus
496 4138 597 4218 prima
623 4137 690 4196 dies
715 4136 822 4210 iudicii
849 4138 888 4197 ad
918 4137 1188 4218 respondendum.

311 4306 404 4378 leria
433 4316 531 4378 sexta
560 4310 712 4395 proxima
743 4318 820 4376 onte
850 4307 971 4376 lestum
1001 4309 1097 4376 beate
1126 4305 1305 4394 Elvzolietlr
1335 4307 1439 4376 rirlue.

736 4454 793 4517 (17.
827 4441 1010 4511 trimembris).

355 4563 430 4625 ltem
457 4565 530 4645 quia
559 4566 659 4624 lucus
684 4565 822 4643 agricola
849 4564 931 4625 lilius
958 4564 1075 4624 llutlrie
1101 4565 1138 4622 tle
1166 4564 1412 4639 (lliernumercr,
1441 4567 1506 4624 ¹llo-

248 4670 492 4753 nyakosvychyn
519 4670 631 4749 dictus,
657 4671 735 4731 alias
759 4671 899 4731 concivis
924 4684 1030 4731 noster
1054 4690 1111 4751 pro
1136 4670 1277 4751 quolam
1305 4666 1388 4729 furtu
1415 4672 1508 4731 unius
