3488 5272
247 539 452 600 meridionali
470 551 558 621 parte
576 553 606 599 et
623 538 750 600 Andree
770 538 966 620 Symwnych
984 537 1059 599 dicti
1077 537 1240 599 mediante
1256 537 1400 619 quodam
1416 557 1512 600 cursu

243 664 326 726 aque
359 644 551 726 pluvialisa
584 643 873 725 semptemtrionali
903 658 991 725 parte
1022 643 1141 721 habita,
1166 643 1232 724 ipsi
1260 658 1366 705 autem
1392 642 1512 705 Kathe-

245 751 313 811 rine
347 751 476 812 mulieri
508 749 772 812 testamentaliter
797 749 909 830 ‚legata
942 749 1111 810 casualiter
1142 749 1258 809 amissa
1282 763 1313 810 et
1345 748 1512 832 deperdita

244 856 416 932 extitisset;
440 857 569 937 etquis
593 855 633 917 ad
657 856 774 917 trinam
791 855 956 939 publicam
982 868 1013 917 et
1036 854 1196 917 forensem
1214 855 1510 939 proclamacionem

245 975 387 1023 nostram
419 981 627 1023 communem
662 981 720 1045 per
752 979 907 1042 precones
940 974 1065 1023 nostros
1096 979 1285 1023 communes
1309 981 1347 1023 ex
1371 961 1511 1023 veridica

243 1068 471 1129 commissione
496 1067 535 1128 de
560 1087 650 1129 more
675 1079 828 1128 consveto
852 1066 931 1128 alias
956 1066 1072 1129 factam
1090 1067 1206 1128 nullibi
1230 1067 1367 1129 inveniri
1391 1068 1509 1151 potuit,

245 1175 319 1236 ideo
354 1192 413 1234 nos
444 1174 621 1256 predictam
653 1173 782 1233 vineam
815 1172 874 1254 ipsi
907 1173 1081 1234 Katherine
1115 1174 1241 1235 mulieri
1278 1175 1447 1236 statuimus
1478 1187 1510 1237 et

242 1280 465 1341 commisimus
489 1300 525 1341 ex
558 1279 723 1361 premissis
746 1278 814 1361 jure
840 1292 996 1360 perpetuo
1028 1280 1256 1363 possidendam
1288 1280 1376 1362 juxta
1398 1280 1509 1342 condi·

243 1386 371 1447 cionem
395 1385 533 1446 civitatis
556 1397 734 1468 prenotate.

348 1491 426 1553 ltem
451 1491 568 1553 eodem
593 1491 645 1552 die
671 1491 770 1552 Lucia
795 1493 911 1555 mulier
935 1492 1044 1554 relicta
1069 1493 1207 1554 condam
1237 1491 1404 1571 lobannis,
1428 1512 1506 1554 con·

241 1598 320 1659 civis
345 1611 463 1675 nostra,
488 1597 521 1658 id
544 1616 617 1658 cum
650 1596 821 1659 sufficienti
854 1613 885 1661 et
917 1597 1082 1679 fidedigno
1116 1612 1298 1660 nostrorum
1324 1599 1506 1661 concivium

240 1704 428 1765 testimonio
452 1703 483 1763 in
509 1703 585 1764 sede
609 1718 717 1765 nostra
742 1703 908 1784 judiciaria
933 1706 1017 1766 clare
1034 1705 1268 1787 comprobavit,
1292 1717 1328 1766 ut
1352 1705 1429 1767 dum
1448 1705 1505 1768 do-

241 1810 349 1871 minus
374 1809 534 1889 Georgius
558 1808 642 1870 filius
667 1810 828 1870 Valentini
860 1811 977 1873 Malich
995 1812 1108 1889 dictus,
1132 1812 1164 1871 in
1193 1812 1343 1873 extremis
1366 1813 1431 1874 vite
1447 1833 1506 1875 sue

240 1915 428 1997 temporalis
461 1915 646 1992 laborasset,
680 1927 757 1976 tunc
788 1917 855 1996 ipse
887 1917 1049 1997 quandam
1081 1918 1212 1978 totalem
1246 1918 1381 1979 domum
1415 1939 1507 1981 suam

241 2023 382 2101 ligneam
399 2021 495 2082 simul
521 2041 594 2082 curn
612 2019 713 2082 fundo
731 2035 762 2082 et
779 2021 913 2082 edificiis
930 2022 962 2082 in
985 2023 1111 2084 civitate
1128 2024 1270 2105 predicta
1291 2024 1372 2085 inter
1389 2025 1505 2086 domos

240 2128 401 2189 Valentini
439 2128 605 2209 presbiteri
642 2141 673 2188 et
709 2128 807 2187 Lucie
844 2128 987 2188 mulieris
1027 2129 1135 2190 relicte
1166 2129 1305 2190 condam
1340 2129 1503 2192 Valentini

240 2234 378 2313 Mengak
405 2233 491 2309 dicti,
510 2251 606 2292 unam
631 2232 856 2294 tantummodo
874 2246 1019 2313 quartam
1037 2235 1123 2295 curie
1141 2234 1181 2295 ad
1206 2253 1298 2296 usum
1324 2235 1408 2297 dicte
1426 2236 1505 2298 civi·

240 2339 313 2399 tatis
338 2339 369 2398 in
394 2358 426 2398 se
452 2338 681 2415 continentem,
709 2336 831 2420 prefate
855 2339 951 2400 Lucie
984 2339 1110 2401 mulieri
1143 2340 1313 2420 legavisset
1344 2355 1375 2402 et
1406 2342 1502 2403 dimi-

239 2445 341 2522 sisset,
366 2444 440 2504 ideo
465 2462 524 2503 nos
547 2443 683 2504 eandem
701 2442 835 2503 domum
860 2462 932 2504 cum
958 2445 1120 2524 premissis
1143 2445 1208 2505 suis
1226 2446 1417 2507 utilitatibus
1432 2467 1506 2530 pre-

185 2610 189 2617 ,
240 2549 303 2611 fate
340 2549 439 2610 Lucie
483 2549 611 2609 mulieri
643 2569 680 2608 ex
712 2549 873 2630 premissis
904 2549 964 2610 sibi
997 2550 1238 2611 incumbentem
1270 2552 1440 2614 statuimus
1472 2567 1504 2615 et

239 2655 462 2716 commisimus
486 2668 642 2735 perpetuo
665 2653 894 2735 possidendam
919 2653 1004 2734 juxta
1021 2655 1247 2717 condicionem
1272 2657 1408 2718 civitatis
1432 2677 1504 2739 pre·

239 2775 348 2822 notate
372 2761 412 2822 ab
437 2760 571 2840 antiquo
601 2761 822 2840 approbatam.

346 2867 424 2928 ltem
460 2866 535 2945 quia
568 2865 680 2924 Petrus
715 2862 894 2943 lutifigulus
928 2865 1026 2925 nostri
1061 2866 1092 2924 in
1129 2867 1325 2948 presenciam
1358 2870 1503 2945 veniens,

241 2973 403 3054 quandam
429 2986 545 3032 terram
571 2969 672 3030 fassus
689 2983 735 3030 est
759 2990 790 3028 se
817 2970 959 3050 Zaykoni
986 2969 1053 3031 filio
1078 2991 1136 3031 suo
1153 2973 1334 3034 vendidisse
1367 2988 1398 3035 et
1428 2977 1504 3056 quia

240 3080 370 3140 tandem
397 3097 477 3138 uxor
501 3074 612 3156 prelati
634 3076 716 3135 l'etri
742 3074 891 3154 lutifiguli
911 3076 1011 3155 ipsam
1033 3091 1148 3136 terram
1167 3078 1198 3137 in
1222 3081 1386 3158 presencia
1403 3083 1503 3142 nostri

240 3183 399 3258 arestavit,
426 3182 499 3241 ideo
524 3200 583 3240 nos
607 3180 827 3239 commisimus
849 3181 907 3259 ipsi
933 3181 1022 3239 uxori
1048 3181 1160 3261 prefati
1180 3183 1262 3243 Petri
1288 3183 1451 3265 lutifiguli,
1470 3201 1504 3247 ut

240 3291 306 3371 ipsa
332 3289 371 3348 ad
408 3287 651 3367 quindecimum
686 3286 771 3344 diem
805 3285 945 3363 deponat
979 3287 1147 3365 pecuniam
1182 3288 1240 3367 ipsi
1266 3291 1410 3372 Zaykoni
1443 3313 1502 3374 pro

239 3418 301 3478 qua
328 3397 394 3477 ipse
420 3395 531 3453 Petrus
556 3391 734 3471 iutiligulus
758 3389 913 3471 prolatam
938 3404 1054 3451 terram
1080 3393 1277 3456 vendiderat.

443 3560 537 3632 Feria
567 3572 664 3629 sexta
694 3562 725 3627 in
755 3559 839 3627 lesto
868 3559 978 3628 decem
1007 3557 1110 3629 millia
1141 3561 1292 3633 militum.

345 3696 442 3768 Quod
467 3694 541 3774 quia
568 3693 666 3772 prtrba
693 3704 722 3750 ct
747 3688 879 3748 honesta
898 3690 1012 3749 mulier
1038 3691 1137 3751 Elena
1155 3709 1265 3753 vocata
1291 3696 1398 3757 relicta
1424 3717 1500 3759 con·

238 3805 311 3865 dam
338 3804 420 3864 luan
449 3796 645 3878 llumenycb
672 3796 758 3867 dicti,
786 3796 817 3854 in
845 3795 919 3854 sede
953 3810 1059 3855 nostra
1085 3797 1249 3868 judiciaria
1274 3801 1357 3862 clare
1384 3819 1414 3863 et
1450 3824 1498 3865 se-

238 3913 320 3973 riose
345 3906 567 3988 comprobavit
592 3920 699 3963 coram
725 3901 828 3959 nobis.
852 3903 968 3977 (dccccl.

347 4015 423 4074 ltem
457 4012 530 4092 quia
566 4010 676 4069 l‘etrus
708 4004 842 4065 ssensieh
874 4004 952 4064 alias
984 4004 1178 4066 inhabitator
1209 4009 1344 4070 civitatis
1376 4013 1497 4092 prefate

238 4142 311 4185 cum
336 4120 429 4181 certis
453 4116 569 4178 debitis
601 4112 735 4173 domino
768 4110 902 4169 Nicolao
935 4110 1073 4188 plebano
1107 4112 1238 4172 ecclesie
1263 4117 1362 4176 sancti
1398 4119 1497 4180 llarci

238 4226 443 4307 ewangeliste
469 4243 504 4283 ac
532 4222 626 4282 Petro
652 4217 775 4276 decano
799 4215 956 4275 debitorie
985 4214 1198 4293 obligabatur,
1224 4219 1289 4297 ipsa
1314 4222 1414 4282 eciam
1445 4224 1500 4285 de.

238 4337 301 4397 bita
327 4334 366 4394 ad
390 4331 572 4413 sepissinras
605 4322 834 4404 requisitiones
865 4334 895 4379 et
928 4320 1128 4379 municiones
1160 4338 1282 4383 nostras
1307 4346 1497 4391 communes

238 4441 358 4503 eisdem
384 4439 566 4500 nullatenus
589 4431 712 4493 solvere
743 4427 854 4497 voluit,
879 4440 907 4485 et
933 4426 974 4483 ob
1000 4422 1059 4481 hoc
1085 4444 1142 4483 rios
1173 4428 1334 4504 quandam
1368 4434 1496 4496 vineam

239 4547 382 4609 eiusdem
409 4544 491 4605 l‘etri
520 4536 653 4602 Bcnsich
679 4533 799 4595 eisdem
830 4530 965 4589 domino
990 4527 1125 4587 Nicolao
1149 4529 1288 4607 plebano
1312 4555 1348 4594 nc
1373 4537 1497 4617 prelato

241 4655 334 4716 Petro
359 4653 482 4714 decano
507 4667 565 4730 pro
591 4644 667 4727 ipsis
691 4638 807 4700 debitis
832 4636 973 4716 ipsorum
999 4631 1092 4689 vendi
1118 4636 1286 4696 statuimus
1310 4639 1441 4703 eisdem.

764 4828 802 4843 vr
812 4823 927 4843 010000·
932 4826 973 4837 '¹'-
