3488 5272
257 322 300 381 40
641 304 841 381 Ann014152.
867 338 908 346 —
934 301 982 367 18.
1006 307 1132 379 augusti.

489 411 493 417 -
532 411 664 417 —--
717 410 980 418 ..μ’-.-
1035 413 1116 418 -.
1156 412 1354 419 ——-.-———
1366 412 1441 418 ——--
1451 411 1523 419 --nn

367 516 444 577 item
476 515 666 578 Valentinus
692 514 757 576 Lah
789 515 829 575 de
863 515 1022 597 Pobresya
1056 535 1113 598 per
1136 515 1415 595 adjudicacionem
1440 517 1523 601 jura·

208 654 211 660 ·
258 637 363 685 torum
390 622 489 684 tercio
513 642 546 683 se
568 622 713 703 personis
729 621 789 682 sibi
814 621 973 682 similibus
990 636 1105 683 octavo
1122 622 1173 684 die
1198 642 1293 705 super
1310 644 1395 685 aram
1414 639 1523 687 contra

259 730 461 792 Clementem
488 729 694 810 jobagionem
727 728 851 790 domini
884 727 1013 790 lectoris
1036 729 1140 810 jurare
1171 731 1330 792 tenebitur
1354 750 1524 813 supereo,

259 853 294 898 ut
318 837 385 918 ipse
410 855 474 897 non
500 833 567 897 fixit
583 855 656 896 curn
682 834 814 896 cultello
839 854 898 896 nec
915 853 987 895 curn
1009 835 1121 915 aliquo
1145 835 1209 896 alio
1234 833 1319 896 ferro
1343 836 1522 918 predictum

259 942 474 1020 Clementem,
498 940 554 1003 sed
578 941 609 1003 in
634 941 726 1003 totali
752 941 883 1002 accione
909 940 1009 1022 ipsius
1026 940 1204 1002 Clementis
1229 941 1383 1003 innocens
1406 944 1445 1005 sit
1469 961 1523 1025 pe·

259 1049 344 1110 nitus
368 1064 399 1110 et
423 1048 582 1111 innoxius.

365 1154 443 1217 ltem
460 1155 536 1236 quia
554 1154 716 1215 Barnabas
733 1153 873 1234 agricola
890 1152 1107 1234 juramentum
1124 1153 1183 1214 sibi
1207 1154 1237 1213 in
1256 1152 1340 1214 facto
1358 1152 1524 1214 cuiusdam

258 1260 392 1343 scropha
417 1280 473 1343 per
497 1260 617 1341 juratos
641 1258 861 1333 adiudicatum
894 1259 1032 1341 prestitit
1059 1259 1090 1320 in
1116 1279 1166 1336 eo,
1199 1274 1233 1321 ut
1257 1259 1325 1341 ipse
1348 1258 1524 1341 predictam

259 1365 428 1448 scropham
454 1367 485 1428 in
510 1366 711 1448 possessione
736 1385 791 1426 sua
818 1379 848 1426 et
880 1384 975 1447 super
999 1365 1175 1447 dampnum
1201 1385 1294 1426 suum
1320 1366 1470 1428 mactavit
1494 1379 1524 1428 et

260 1472 436 1549 interfecit;
462 1473 535 1534 ideo
553 1473 657 1555 ipsum
679 1472 807 1533 racione
825 1471 1032 1533 mactacionis
1050 1472 1149 1553 ipsius
1166 1473 1299 1554 scrophe
1324 1471 1524 1533 reddidimus

259 1580 454 1665 expeditum.

364 1687 442 1749 Item
468 1686 656 1748 Franciscus
680 1699 711 1748 et
734 1685 880 1747 Thomas
896 1699 1022 1746 sutores
1047 1686 1079 1746 in
1103 1686 1209 1767 primo
1234 1685 1354 1766 judicio
1378 1684 1524 1768 proxime

259 1794 436 1856 occurrenti
461 1806 571 1855 contra
596 1792 725 1854 Petrum
750 1791 889 1872 juratum
913 1792 1109 1853 tenebuntur
1136 1792 1341 1874 respondere.

366 1919 444 1980 Item
476 1917 660 1980 Anthonius
693 1915 781 1978 faber
813 1930 922 1979 contra
956 1916 1166 1978 Benedictum
1208 1917 1386 1979 institorem
1420 1917 1524 1998 primo

260 2026 373 2088 citatus
397 2045 461 2087 non
487 2024 677 2106 comparuit.

366 2134 444 2196 Item
462 2131 639 2214 Gregorius
653 2131 869 2214 Wrecharych
888 2147 997 2194 contra
1016 2131 1222 2192 Franciscum
1240 2132 1400 2194 literatum
1418 2131 1523 2213 primo

260 2240 373 2302 citatus
397 2258 462 2301 non
488 2237 678 2320 comparuit.

366 2346 444 2408 ltem
470 2345 568 2407 Lucia
593 2344 702 2406 relicta
728 2344 882 2427 Stephani
916 2358 1025 2406 contra
1051 2343 1214 2406 Thomam
1247 2344 1386 2425 juratum
1418 2345 1524 2426 primo

259 2453 353 2516 citata
377 2471 443 2514 non
469 2451 658 2533 comparuit.

287 2688 383 2764 Faria
411 2700 508 2762 sexta
538 2691 690 2779 proxima
729 2699 805 2778 post
833 2690 956 2761 festum
985 2687 1239 2778 assumpcronrs
1267 2692 1363 2763 beate
1394 2690 1498 2762 uarie
1550 2697 1553 2702 ’

813 2814 968 2901 virginis.

770 2982 834 3060 (18.
866 2985 1009 3061 augenti).

367 3149 444 3210 item
471 3147 568 3209 Lucia
594 3147 701 3207 relicta
728 3145 880 3227 Stephani
903 3160 1012 3206 contra
1030 3145 1193 3206 Thomam
1219 3145 1356 3223 juratum
1382 3145 1524 3207 secundo

260 3257 355 3318 citata
379 3274 443 3316 non
469 3253 659 3335 comparuit.

368 3360 445 3421 Item
472 3359 648 3440 Gregorius
672 3359 890 3440 Wrecharych
919 3375 1027 3420 contra
1053 3358 1258 3420 Franciscum
1293 3358 1453 3419 literatum
1478 3378 1525 3418 se·

261 3467 367 3529 cundo
392 3467 504 3528 citatus
529 3485 593 3527 non
619 3466 809 3547 comparuit.

365 3573 443 3635 Item
470 3573 662 3635 Benedictus
686 3573 803 3633 brodar
824 3586 933 3633 contra
952 3572 1145 3653 Gregorium
1171 3569 1365 3653 freniparem
1383 3571 1525 3633 secundo

261 3680 375 3741 citatus
399 3698 464 3741 non
490 3678 680 3760 comparuit.

368 3785 445 3848 item
471 3785 658 3846 Franciscus
682 3800 771 3846 sutor
788 3803 886 3864 gener
904 3785 1064 3866 Hcrwoye
1090 3785 1206 3862 iurabit
1230 3800 1344 3846 octavo
1363 3786 1414 3846 die
1431 3806 1526 3868 super
1568 3779 1572 3788 ¹

261 3911 347 3953 aram
373 3904 482 3953 contra
509 3892 636 3952 Petrum
663 3891 799 3970 juratum
825 3910 919 3971 super
943 3910 993 3968 e0,
1018 3906 1051 3951 ut
1077 3892 1143 3972 ipse
1174 3892 1291 3952 librum
1318 3892 1416 3973 ipsius
1442 3892 1525 3953 Petri

261 3997 353 4079 jurati
379 3999 419 4059 ab
444 4017 484 4059 eo
509 4011 654 4078 tempore
679 3997 744 4057 riae
770 4016 882 4057 eorum
911 4016 976 4057 non
1003 3997 1121 4078 recepit
1148 4017 1207 4058 nec
1231 3994 1352 4058 familia
1376 4017 1443 4076 sua,
1468 4018 1527 4059 nec
1576 4022 1589 4041 ·

262 4116 307 4166 est
333 4104 364 4165 in
389 4104 469 4165 scitu
493 4123 552 4164 suo
577 4123 634 4164 nec
659 4099 781 4164 familie
805 4123 871 4164 sue.

369 4228 445 4289 item
477 4225 619 4310 prefatus
651 4228 762 4289 Petrus
795 4228 916 4300 iuratus
941 4228 1057 4306 jurabit
1090 4245 1204 4291 octavo
1237 4231 1288 4291 die
1322 4251 1416 4312 super
1439 4250 1525 4291 aram

262 4334 403 4396 secundo
428 4354 460 4394 se
485 4334 629 4416 personis
646 4334 704 4395 sibi
729 4335 888 4396 similibus
905 4355 1002 4417 penes
1020 4336 1209 4398 effusionem
1235 4338 1400 4415 sanguinis
1417 4353 1526 4399 contra

263 4438 419 4523 prefatum
446 4441 651 4503 Franciscum
674 4455 813 4502 sutorem
848 4461 1016 4522 supereo,
1042 4456 1075 4503 ut
1101 4443 1166 4523 ipse
1199 4443 1373 4525 predictam
1399 4443 1525 4504 effusio-

263 4566 336 4609 nem
361 4548 527 4627 sanguinis
550 4567 645 4629 super
664 4547 791 4609 Petrum
817 4549 995 4629 predictum
1014 4551 1217 4631 perpetravit,
1242 4563 1272 4610 et
1297 4550 1373 4610 dum
1399 4549 1526 4627 jurabit,

263 4667 340 4715 tunc
363 4653 423 4714 sibi
449 4654 623 4735 birsaginm
651 4653 816 4734 sanguinis
847 4669 1013 4735 tamquam
1038 4655 1142 4736 jurato
1174 4655 1351 4718 secundum
1377 4670 1527 4718 contenta

263 4759 424 4843 privilegii
448 4759 608 4821 tenebitur
632 4759 812 4842 persolvere
837 4761 951 4822 ordine
975 4761 1053 4842 juris
1075 4764 1256 4825 observato.
