3488 5272
238 337 302 400 374
603 321 690 377 Anno
712 330 804 396 1470.
830 352 870 363 -
891 331 925 394 9.
953 314 1126 379 novembris.

238 533 381 613 ipsorum
407 530 583 611 juratorum
609 528 648 591 ad
666 549 726 591 nos
748 529 891 591 seniores
908 528 991 590 dicte
1005 528 1142 590 civitatis
1157 527 1280 610 judices
1296 528 1507 613 appellatam,

237 658 297 700 nos
319 638 375 699 tali
401 637 500 699 modo
526 637 718 713 invenimus,
743 636 830 717 quod
857 635 933 716 quia
965 636 1032 716 ipse
1057 633 1192 697 Cheden
1216 635 1450 698 demonstravit
1475 648 1507 697 et

238 745 380 808 ostendit
396 744 494 827 judici
519 744 684 824 sanguinis
701 742 902 821 effusionem,
920 742 994 803 ideo
1012 741 1079 824 ipse
1096 740 1243 803 Thomas
1261 740 1403 817 ssheden
1419 740 1505 824 jura·

237 865 383 913 mentum
408 851 468 912 sibi
486 849 698 912 secundomet
721 868 778 931 per
794 847 914 931 juratos
931 846 1149 929 adjudicatum
1167 861 1307 930 prestare
1331 848 1505 927 tenebitur,

237 956 518 1033 confirmavimus;
544 971 574 1019 et
599 957 677 1017 dum
695 956 762 1037 ipse
787 955 933 1016 Thomas
958 955 1080 1016 dictum
1103 973 1196 1016 suum
1215 953 1431 1036 jurameutum
1449 954 1504 1015 de·

237 1077 346 1146 ponet,
379 1064 466 1145 quod
499 1078 575 1124 tunc
607 1062 673 1143 ipse
707 1063 833 1123 Marcus
864 1062 1007 1122 Venetus
1041 1061 1202 1123 tenebitur
1233 1061 1340 1123 eidem
1373 1059 1504 1122 Thome

238 1170 373 1232 Cheden
398 1190 456 1251 pro
482 1169 621 1249 birsagio
646 1169 759 1250 viginti
786 1187 899 1250 pensas
929 1167 1134 1229 denariorum
1161 1180 1191 1227 et
1215 1166 1313 1248 judici
1338 1179 1370 1230 et
1393 1164 1505 1248 juratis

238 1276 269 1336 in
285 1275 432 1335 ducentis
448 1275 597 1353 denariis,
611 1273 698 1355 quod
716 1275 781 1356 ipsa
798 1273 911 1335 effusio
927 1273 1093 1354 sanguinis
1105 1292 1201 1355 super
1217 1273 1321 1355 ipsum
1340 1272 1505 1335 Thomam

237 1380 319 1443 facta
345 1401 382 1443 ex
408 1381 471 1442 ictu
496 1381 596 1463 ipsius
620 1381 718 1441 Marci
744 1380 857 1441 Veneti
890 1380 993 1441 existit
1025 1378 1094 1441 fore
1128 1377 1221 1458 facta,
1244 1397 1283 1440 eo
1308 1378 1409 1440 modo
1434 1398 1506 1461 pre·

237 1501 319 1548 stare
344 1487 504 1548 tenebitur
528 1486 763 1568 juramentum3
797 1485 836 1546 de
861 1505 927 1566 quo
960 1485 1081 1565 judicio
1110 1499 1174 1546 tam
1207 1497 1317 1547 nostro
1342 1504 1441 1566 quam
1474 1497 1506 1546 et

237 1593 414 1675 juratorum
452 1593 518 1674 ipse
554 1593 680 1653 Marcus
716 1592 856 1652 Venetus
889 1612 953 1652 non
991 1605 1171 1670 contentus,
1203 1590 1340 1652 eandem
1373 1609 1503 1652 causam

238 1699 412 1781 appellavit
436 1699 466 1759 in
493 1698 691 1779 presenciam
723 1698 867 1779 magistri
900 1698 1172 1759 thau-'arnicorum
1205 1697 1292 1778 regie
1316 1696 1504 1775 Maiestatis,

238 1806 356 1887 quibus
380 1804 523 1886 partibus
548 1824 606 1865 nos
630 1805 804 1865 terminum
834 1804 1042 1886 comparendi
1076 1823 1183 1865 coram
1208 1804 1324 1866 eodem
1349 1804 1503 1884 magistro

238 1910 507 1973 thawarnicorum
540 1931 556 1971 a
589 1911 641 1971 die
679 1911 825 1972 datarum
858 1911 1055 1993 presenciam
1096 1911 1377 1992 quadragesimum
1415 1910 1504 1971 diem

239 2015 433 2099 prefigimus.

294 2254 389 2327 Feria
419 2262 516 2325 sexta
554 2257 707 2343 proxima
745 2263 823 2325 ante
860 2255 982 2326 festum
1010 2256 1099 2325 beati
1128 2252 1265 2326 llartlni
1293 2252 1449 2344 episcopi.

747 2410 790 2487 (9.
814 2406 999 2481 novembris).

347 2548 424 2610 ltem
450 2548 545 2609 tercia
570 2548 639 2609 vice
663 2548 897 2629 proclamatum
923 2566 981 2630 pro
1006 2566 1069 2608 uua
1095 2547 1184 2608 litera
1210 2567 1306 2630 super
1330 2547 1502 2610 medietate

240 2654 355 2715 domus
380 2652 472 2714 fundi
498 2652 636 2714 condam
662 2653 760 2715 Marci
793 2667 823 2714 et
847 2653 954 2714 celarii
987 2654 1197 2730 subterranei,
1222 2654 1262 2715 de
1287 2651 1503 2735 Kwrylowcz,

240 2774 270 2821 et
294 2759 414 2820 Vrbani
440 2758 495 2819 filii
522 2759 677 2836 eiusdem,
702 2779 764 2840 que
793 2761 832 2820 ab
865 2759 980 2820 eodem
1006 2758 1174 2820 casualiter
1206 2757 1371 2840 deperdita
1396 2758 1503 2822 existit

239 2883 270 2930 et
295 2868 409 2928 nullibi
436 2867 587 2948 repperiri
614 2867 738 2947 potuit;
763 2867 835 2927 ideo
868 2867 1022 2926 commiss
1052 2879 1098 2926 est
1123 2866 1227 2927 eidem
1253 2865 1321 2926 dari
1346 2865 1436 2926 litera
1462 2865 1502 2925 de

239 2994 325 3036 novo
350 2975 455 3035 eidem
480 2974 610 3034 Vrbano
636 2974 811 3035 statutoria.

346 3080 421 3140 ltem
450 3081 544 3161 Elyas
569 3078 656 3141 fusor
672 3099 900 3161 campanarum
922 3079 1027 3160 primo
1044 3092 1153 3139 contra
1179 3078 1342 3138 Thomam
1359 3090 1500 3138 sutorem

239 3206 453 3248 successorem
478 3186 615 3246 condam
649 3186 817 3246 l⁴'rancisco
850 3198 1001 3261 sutorem,
1029 3204 1092 3244 non
1114 3184 1293 3265 comparuit
1322 3184 1352 3243 in
1378 3182 1500 3262 judicio

239 3311 345 3353 coram
372 3292 474 3352 nobis.

346 3398 421 3458 ltem
447 3399 521 3477 quia
542 3398 637 3478 lilyas
655 3396 742 3457 fusor
759 3416 986 3478 campanarum
1005 3397 1109 3477 primo
1127 3397 1242 3458 citatus
1260 3409 1368 3456 contra
1388 3392 1500 3476 Gywr·

239 3507 355 3564 konem
382 3517 521 3563 sutorem
549 3504 579 3563 in
605 3502 725 3582 judicio
750 3521 814 3562 non
847 3503 1028 3583 comparuit
1053 3522 1160 3564 coram
1185 3503 1288 3563 nobis.

345 3610 420 3671 ltem
439 3610 513 3689 quia
534 3609 656 3669 lllasius
681 3610 807 3669 institor
823 3609 1013 3669 secundario
1031 3610 1145 3670 citatus
1169 3623 1278 3670 contra
1297 3608 1499 3668 Clementem

238 3715 445 3793 aurifabrum,
471 3736 534 3775 non
560 3716 739 3796 comparuit
765 3716 795 3775 in
823 3714 942 3793 judicio
968 3735 1074 3775 coram
1102 3716 1204 3776 nobis.

345 3824 420 3883 ltem
460 3822 534 3902 quia
569 3822 735 3903 l'hilippus
773 3835 861 3881 sutor
905 3822 1112 3903 Oberlynzlty
1151 3822 1271 3898 dictus,
1308 3818 1499 3880 secundario

239 3945 347 3991 contra
374 3928 498 4011 Gywan
532 3928 714 3988 barberium
747 3928 870 4005 citatus,
905 3947 968 3988 non
1002 3928 1180 4008 comparuit
1214 3946 1321 3987 corant
1351 3926 1443 3986 nobis
1468 3925 1499 3985 in

237 4036 368 4115 judicio

343 4143 419 4203 ltem
446 4140 612 4223 Philippus
636 4138 796 4200 aurifaber
813 4137 951 4201 famulus
977 4140 1065 4200 Pauli
1084 4138 1248 4217 aurifabri,
1273 4139 1377 4217 jurati,
1395 4139 1499 4219 primo

237 4263 347 4310 contra
379 4248 582 4310 Clementem
614 4244 809 4307 aurifabrum
843 4246 967 4323 citatus,
1004 4266 1067 4306 non
1101 4246 1280 4327 comparuit
1316 4247 1345 4305 in
1381 4244 1500 4319 judicio

236 4375 343 4416 coram
369 4355 473 4416 nobis.

343 4461 420 4522 ltena
445 4461 521 4542 quia
553 4460 691 4521 lacobus
722 4458 860 4538 agricola
894 4478 1056 4519 successor
1082 4459 1177 4520 Blasii
1209 4459 1359 4537 Scwtecz,
1391 4458 1496 4539 primo

237 4579 346 4627 contra
372 4566 513 4627 relictam
540 4566 761 4646 Paukoyczam
787 4565 912 4641 citatus,
937 4584 1002 4625 non
1027 4565 1217 4645 comparuit.

343 4670 419 4733 ltem
444 4672 518 4753 quia
545 4671 711 4732 Emericus
741 4668 882 4730 famulus
910 4669 1040 4731 Thome
1073 4670 1201 4731 vwzdar
1226 4668 1351 4747 judicis,
1389 4682 1500 4730 contra

237 4776 480 4862 Chystymester
503 4778 609 4862 primo
633 4777 758 4856 citatus,
782 4796 847 4839 non
866 4776 1047 4861 comparuit
1072 4772 1246 4857 injudicio
1270 4791 1378 4837 coram
1397 4775 1499 4838 nobis.
