3488 5272
628 303 714 360 Anno
737 315 826 380 1453.
853 337 893 344 —
915 316 948 377 9.
972 302 1138 361 novembris.

440 523 535 595 Ferio
574 526 683 595 tercia
719 533 796 612 post
833 523 957 595 festam
987 521 1189 594 Natiuitatis
1217 522 1332 594 llarie.

739 683 799 754 (11.
823 677 1010 754 septembris).

356 818 434 880 ltem
453 818 606 881 Clemens
628 818 667 881 de
687 819 808 899 Posega
825 818 924 880 tercio
943 837 975 879 se
989 818 1133 899 personis
1150 817 1210 879 sibi
1228 818 1387 879 similibus
1404 831 1516 879 contra

252 926 444 1008 Gregorium
463 926 627 1006 lagichich
644 938 759 988 octavo
777 924 829 986 die
846 945 941 1007 super
964 944 1051 986 aram
1068 939 1176 988 sancte
1195 924 1308 987 Crucis
1325 926 1357 985 in
1382 925 1515 987 ecclesia

250 1033 334 1094 beati
360 1033 458 1094 Marci
484 1031 690 1115 ewangeliste
708 1031 810 1113 jurare
840 1032 1001 1093 tenebitur
1025 1051 1081 1114 per
1098 1030 1374 1112 adjudicacioncm
1399 1031 1515 1109 iurato·

249 1159 318 1202 rum
337 1158 431 1220 super
449 1158 498 1215 eo,
518 1152 553 1199 ut
577 1138 643 1220 ipse
660 1138 811 1221 pecunias
829 1138 927 1220 ipsius
950 1137 1109 1218 Gregorii,
1134 1157 1214 1219 quas
1231 1137 1297 1219 ipse
1315 1150 1424 1199 contra
1441 1156 1515 1200 eum

251 1245 463 1328 proponebat,
481 1265 546 1306 non
563 1245 778 1322 subtraxisset,
795 1243 849 1305 sed
876 1245 907 1305 in
926 1245 1017 1306 totali
1035 1245 1165 1305 accione
1183 1244 1282 1327 ipsius
1298 1244 1337 1305 sit
1354 1243 1514 1306 innoxius.

356 1352 433 1413 ltern
466 1371 546 1413 uxor
580 1350 691 1434 prelati
718 1350 897 1413 Clementis
927 1351 1074 1412 similiter
1104 1352 1201 1413 tercia
1233 1371 1266 1412 se
1292 1351 1436 1433 personis
1459 1370 1517 1434 per

251 1456 529 1537 adjudicationem
554 1457 731 1538 juratorum
756 1472 871 1519 octavo
899 1457 950 1518 die
975 1457 1078 1536 jurare
1105 1457 1267 1520 tenebitur
1291 1477 1386 1540 super
1411 1476 1450 1519 eo
1474 1457 1514 1518 si·

249 1565 379 1642 militer,
404 1579 437 1626 ut
462 1565 528 1646 ipsa
554 1564 701 1625 similiter
727 1564 827 1645 ipsam
853 1564 1022 1645 pecuniam
1056 1564 1131 1625 dicti
1157 1562 1306 1645 Gregorii
1331 1563 1515 1646 lagychych

250 1691 314 1731 non
340 1671 555 1749 subtraxisset,
580 1671 635 1731 sed
661 1670 691 1730 iu
721 1670 810 1731 totali
845 1671 975 1732 accione
1001 1669 1100 1751 ipsius
1126 1669 1274 1750 Gregorii
1307 1670 1346 1732 sit
1371 1670 1512 1732 innoxia.

355 1795 432 1856 ltem
459 1795 558 1855 Elena
584 1814 663 1855 uxor
688 1793 774 1856 Galli
800 1794 882 1855 dicta
912 1794 1146 1877 Zukalowycza
1171 1795 1239 1856 sola
1263 1814 1295 1856 se
1321 1794 1353 1855 in
1377 1815 1514 1877 persona

249 1921 304 1963 sua
330 1902 434 1982 jurare
458 1902 620 1964 tenebitur
643 1915 753 1963 contra
779 1901 955 1982 predictam
974 1920 1105 1962 uxorem
1132 1901 1232 1983 ipsius
1257 1900 1437 1964 Clementis
1460 1922 1514 1964 oc·

247 2022 321 2070 tavo
347 2009 398 2070 dic
423 2028 517 2090 super
543 2028 630 2070 aram
656 2029 751 2089 super
776 2028 825 2086 eo,
850 2022 884 2069 ut
909 2009 975 2090 ipsa
1000 2021 1073 2069 octo
1104 2027 1218 2089 pensas
1243 2007 1449 2070 denariorum
1474 2009 1514 2069 ab

250 2117 362 2177 eadem
387 2137 484 2177 uxore
511 2116 610 2197 ipsius
637 2114 814 2177 Clementis
847 2135 903 2176 nec
929 2115 1106 2197 decepisset
1138 2134 1197 2176 nec
1221 2115 1403 2197 deceptorie
1428 2134 1512 2177 rece·

250 2225 356 2307 pisset.

356 2331 432 2392 Item
466 2331 653 2393 Franciscus
684 2344 773 2391 sutor
813 2349 884 2391 cum
920 2348 1017 2390 uxore
1051 2329 1149 2411 ipsius
1181 2342 1289 2390 contra
1328 2328 1512 2390 Emericum

250 2436 360 2499 Slrerta
386 2438 490 2518 primo
516 2437 601 2498 citati
626 2456 691 2497 non
717 2450 976 2517 comparuerunt.

355 2562 433 2624 ltem
457 2562 641 2623 Anthonius
665 2560 885 2643 loffanowych
903 2573 1011 2622 contra
1037 2560 1222 2642 Philippum
1248 2573 1389 2623 sutorem
1408 2560 1513 2643 primo

250 2669 363 2730 citatus
387 2688 452 2730 non
478 2669 667 2751 comparuit.

276 2870 372 2943 Feria
401 2879 500 2943 sexta
529 2875 680 2960 proxima
711 2880 787 2943 ante
817 2873 938 2942 leston]
972 2873 1081 2941 sancti
1111 2871 1248 2941 llartiui
1279 2872 1423 2959 episcopi
1453 2878 1486 2943 et

768 2997 982 3067 contessoris.

758 3150 801 3225 (9.
826 3150 1011 3223 novembris).

354 3288 431 3351 ltem
459 3289 594 3350 Michael
621 3288 760 3370 frenipar
794 3309 956 3350 successor
982 3288 1137 3370 Bdudych
1171 3302 1280 3349 contra
1305 3287 1510 3350 Franciscum

249 3394 441 3476 sreniparem
467 3395 571 3476 primo
596 3397 709 3455 citatus
734 3415 798 3455 non
824 3395 1013 3475 comparuit.

354 3501 430 3561 ltem
458 3501 643 3562 Franciscus
676 3515 764 3562 sutor
795 3521 893 3581 gener
920 3501 1083 3582 Horwoye
1116 3501 1244 3562 Thome
1270 3502 1374 3583 primo
1399 3503 1512 3565 citatus

248 3628 312 3669 non
338 3609 517 3689 comparuit
542 3621 649 3669 contra
677 3608 875 3689 Stephanum
901 3607 1050 3687 juratum.

354 3714 429 3775 ltem
457 3713 631 3794 Gregorius
657 3716 765 3796 Zayko
798 3713 975 3794 lutifigulus
1008 3727 1116 3775 contra
1151 3715 1329 3776 liarnabam
1355 3736 1509 3796 generum

248 3820 339 3882 Turlr
363 3820 468 3902 primo
493 3821 605 3881 citatus
631 3841 694 3881 non
721 3822 912 3902 comparuit.

354 3925 431 3987 ltem
466 3926 648 3987 Anthonius
682 3926 901 4008 loll'anowych
935 3943 1045 3989 contra
1079 3928 1265 4010 Philippum
1297 3944 1437 3992 sutorem
1463 3951 1510 3992 sc-

247 4034 353 4094 cundo
379 4034 491 4094 citatus
516 4052 580 4094 non
606 4033 795 4114 comparuit.

353 4139 430 4200 ltcm
456 4141 582 4200 Marcus
606 4139 744 4200 carnifex
770 4139 853 4200 lilius
875 4140 984 4201 (iuralr
1010 4156 1118 4202 contra
1138 4141 1329 4203 benedictus
1354 4142 1509 4203 Kratheh-

247 4245 382 4328 nowych
408 4246 512 4328 primo
538 4247 651 4307 citatus
676 4266 739 4306 non
764 4247 954 4328 comparuit.

354 4353 430 4414 ltem
448 4352 560 4414 Petrus
584 4353 713 4434 Dragyn
734 4366 842 4415 contra
858 4352 1052 4435 Gregorium
1071 4354 1242 4437 Jagtchych
1269 4357 1373 4438 primo
1398 4357 1511 4419 citatus

248 4479 311 4521 non
337 4460 526 4540 comparuit.

353 4565 430 4628 ltem
457 4567 574 4628 Paulus
598 4565 683 4628 filius
700 4568 827 4628 Martini
856 4568 1062 4651 Kusarenych
1082 4570 1198 4648 jurabit
1223 4571 1321 4632 tercio
1346 4592 1378 4633 se
1395 4587 1509 4633 octavo

248 4672 300 4733 die
324 4692 420 4754 super
444 4693 529 4734 aram
556 4688 664 4736 contra
691 4673 893 4736 Clementem
911 4676 1084 4756 agricolam
1109 4696 1204 4758 super
1228 4695 1279 4754 eo,
1305 4691 1337 4739 ut
1355 4677 1420 4759 ipse
1440 4677 1510 4739 illas

247 4777 288 4839 lll
316 4797 431 4861 pensas
455 4779 672 4858 denariorum,
696 4799 776 4862 quas
800 4779 865 4862 ipse
895 4780 1046 4844 Clemens
1077 4782 1135 4843 sibi
1162 4782 1345 4865 peripsum
1374 4783 1508 4846 Paulum
