3488 5272
271 339 310 399 28
653 340 739 397 Anno
761 351 851 416 1452.
879 374 919 382 --
942 351 971 417 7.
988 341 1142 416 januarii.

376 552 453 613 Item
485 553 630 615 Andreas
658 565 760 615 sartor
791 552 966 614 Zernchich
999 565 1108 614 contra
1143 551 1305 613 Thomam
1341 552 1531 633 sreniparem

267 657 390 718 dictum
415 658 608 742 Zeleznyalr,
634 678 671 720 ex
696 678 746 737 eo,
775 660 849 740 quia
883 659 949 740 ipse
982 658 1128 719 Andreas
1151 672 1252 719 sartor
1283 659 1401 739 incepit
1426 657 1531 739 ipsum

269 765 432 826 Thomam
468 764 660 848 freniparem
692 766 967 848 proquibusdam
993 767 1104 845 anetis,
1137 767 1169 828 in
1202 766 1272 828 loro
1303 786 1360 848 per
1392 765 1531 827 eundern

268 871 431 932 Thomam
452 873 653 953 comparatis,
669 888 834 954 percutere
851 887 881 934 et
898 892 999 954 usque
1017 873 1058 934 ad
1074 874 1239 954 sanguinis
1253 872 1443 935 effusionem
1460 891 1530 954 per-

267 960 365 1021 cussit
388 980 461 1022 cum
488 981 599 1042 pugno
616 981 731 1022 manus
755 981 821 1040 sue,
841 963 993 1023 remansit
1018 962 1048 1023 in
1067 962 1207 1042 birsagio
1225 960 1335 1023 decem
1360 980 1530 1043 pensarum

268 1065 474 1128 denariorum
506 1086 563 1149 per
587 1067 864 1148 adjudicacionem
889 1067 1067 1148 juratorum
1099 1067 1213 1129 ordine
1237 1066 1315 1148 juris
1339 1067 1530 1148 requirente.

333 1284 427 1358 laria
456 1294 554 1358 sexta
582 1290 736 1377 proxima
771 1295 848 1377 post
876 1289 999 1360 lestnm
1027 1287 1289 1378 Epiphaniarnm
1318 1287 1459 1359 Domini.

686 1444 729 1518 (7.
745 1443 897 1518 januaria,
920 1461 990 1501 ann.
1015 1440 1114 1518 I452).

371 1581 448 1643 ltem
475 1581 651 1663 Gregorius
682 1582 847 1666 Wychecz
880 1601 979 1664 penes
1008 1581 1247 1664 percussionem
1280 1600 1371 1642 suam
1404 1594 1434 1641 et
1458 1600 1530 1642 san·

265 1687 372 1768 guinis
396 1687 585 1750 effusionem
610 1689 837 1751 secundusmet
861 1703 976 1751 octavo
1006 1688 1057 1750 die
1081 1707 1176 1771 super
1199 1706 1287 1749 aram
1311 1687 1415 1767 jurare
1440 1702 1529 1749 tene·

265 1794 350 1855 bitur
373 1814 468 1876 super
492 1815 541 1873 eo,
567 1810 602 1857 ut
627 1794 740 1857 Gallus
761 1809 849 1856 sutor
880 1795 1015 1857 servitor
1039 1794 1164 1856 Nicolai
1197 1793 1302 1874 jurati,
1326 1792 1436 1873 generi
1470 1792 1529 1854 Su·

266 1900 438 1983 panichyn,
464 1902 569 1982 ipsum
595 1901 788 1982 Gregorium
809 1902 973 1985 Wychecz
1006 1902 1037 1962 in
1062 1901 1161 1963 domo
1193 1920 1250 1962 seu
1282 1900 1363 1961 circa
1395 1900 1528 1962 domum

263 2025 353 2066 suam
381 2026 480 2089 usque
499 2008 538 2068 ad
558 2007 749 2069 cffusionem
766 2008 931 2089 sanguinis
951 2008 1106 2090 percussit
1123 2020 1153 2070 ct
1176 2027 1271 2089 super
1287 2006 1421 2069 domum
1438 2025 1529 2067 suam

263 2112 487 2192 potencialiter
520 2114 608 2177 irruit
643 2129 674 2176 ct
706 2134 777 2176 cum
811 2115 947 2177 biccello
972 2134 1067 2197 super
1098 2115 1196 2176 limen
1231 2113 1325 2175 hostii
1358 2113 1528 2195 percussit;

263 2215 337 2279 ideo
362 2238 418 2299 per
441 2219 718 2299 adjudicacioncm
736 2220 913 2301 juratorum
936 2221 1001 2302 ipse
1020 2220 1135 2282 Gallus
1160 2220 1288 2282 racione
1313 2219 1528 2302 percussionis

262 2324 404 2407 predicte
430 2339 539 2388 contra
564 2327 669 2409 ipsum
695 2326 888 2408 Gregorium
913 2326 1072 2410 Wythecz
1101 2327 1253 2389 remansit
1278 2327 1310 2387 in
1335 2325 1527 2406 birsagioX

262 2450 434 2511 pensarum
472 2446 502 2493 et
538 2433 665 2495 racione
697 2434 893 2516 potenciarie
918 2433 1099 2494 irruicionis
1138 2447 1169 2494 et
1192 2431 1407 2514 percussionis
1430 2451 1525 2513 super

263 2534 361 2598 domo
381 2537 479 2619 ipsius
511 2539 659 2620 Gregorii
685 2538 785 2618 factis,
810 2540 962 2601 remansit
986 2539 1018 2600 in
1043 2538 1141 2620 dupla
1166 2539 1196 2600 X
1224 2558 1403 2601 marcarum
1429 2538 1525 2600 dena·

262 2641 382 2704 riorum
408 2644 494 2705 salva
519 2646 672 2726 porcione
698 2645 821 2725 judicis.

367 2767 444 2829 Item
470 2770 546 2850 quia
571 2770 764 2832 Benedictus
785 2769 869 2831 filius
887 2770 1019 2851 Georgii
1038 2769 1294 2850 Ferenchewych
1320 2770 1407 2830 solus
1425 2767 1526 2830 lassus

262 2888 317 2951 est,
352 2889 385 2936 ut
418 2875 616 2957 Stephanum
653 2891 794 2938 sutorem
828 2876 906 2939 alias
941 2877 1128 2939 servitorem
1163 2876 1248 2937 Luce
1284 2876 1401 2936 sutoris
1432 2893 1527 2956 super

262 2998 392 3041 manum
419 2983 581 3061 percussit,
615 2982 688 3045 ideo
713 3003 769 3065 per
800 2983 1078 3062 adjudicacionem
1111 2981 1286 3062 juratorum
1313 2981 1397 3042 idem
1424 2981 1524 3043 Bene-

261 3085 363 3147 dictus
396 3088 523 3150 racione
557 3090 712 3151 dictarum
745 3090 988 3171 percussionum
1022 3089 1174 3150 remansit
1207 3102 1315 3149 contra
1344 3088 1523 3170 predictum

261 3193 459 3274 Stephanum
484 3211 624 3258 sutorem
652 3198 683 3258 in
709 3198 848 3278 birsagio
873 3198 900 3258 V
926 3216 1095 3279 pensarum
1128 3197 1334 3258 denariorum
1366 3197 1451 3257 salva
1477 3195 1524 3276 ju-

261 3298 339 3361 dicis
364 3303 528 3382 porcione.

366 3408 443 3469 ltem
470 3410 543 3489 quia
570 3410 730 3471 Wcrchelt
764 3409 848 3470 lilius
873 3410 997 3470 Nicolai
1033 3423 1062 3470 et
1088 3409 1251 3470 Kusichne
1276 3423 1306 3469 et
1332 3409 1524 3471 Benedictus

260 3511 344 3572 filius
370 3513 501 3596 Georgii
535 3516 793 3597 Ferenchewych
826 3514 939 3597 prelati
973 3535 1008 3576 ac
1042 3516 1163 3597 Symon
1197 3530 1284 3577 sutor
1310 3514 1349 3574 de
1375 3516 1523 3577 Zanabor

259 3619 397 3698 quadam
413 3636 505 3682 nocte
521 3622 678 3683 irruerunt
693 3622 1018 3703 potencialitersuper
1035 3621 1169 3682 domum
1181 3621 1304 3682 Nicolai
1323 3621 1521 3702 Supanichin

259 3725 391 3805 predicti
419 3728 449 3787 in
475 3728 629 3788 suburbio
655 3728 790 3788 civitatis
815 3726 968 3806 habitam,
993 3728 1046 3788 ubi
1073 3742 1161 3789 cutes
1178 3741 1398 3809 preparantur,
1421 3741 1451 3788 et
1475 3747 1522 3788 se·

259 3847 393 3893 cuerunt
418 3833 556 3894 hostium
576 3833 718 3894 eiusdem
738 3834 854 3894 doinus
876 3848 1034 3894 nocturno
1052 3847 1195 3915 tempore
1221 3834 1364 3894 volentes
1381 3830 1521 3893 famulos

260 3937 359 4018 ipsius
376 3954 540 4020 percutere
558 3955 588 4002 et
606 3940 785 4018 vulnerare,
803 3957 897 4022 prout
916 3941 1000 4001 idem
1020 3941 1171 4002 Nicolaus
1183 3954 1282 4017 sutor,
1300 3940 1430 4018 juratus,
1448 3958 1520 4000 cum

260 4042 430 4125 fidedignis
457 4047 590 4107 testibus
623 4067 729 4107 coram
756 4048 848 4107 nohis
870 4068 954 4108 nunc
980 4048 1009 4107 in
1038 4047 1158 4125 judicio
1182 4047 1422 4127 comprobavit;
1448 4045 1522 4109 ideo

259 4153 395 4233 quilibet
420 4172 530 4214 eorum
558 4155 710 4215 remansit
739 4169 848 4214 contra
881 4153 1038 4236 prelatum
1065 4154 1235 4214 Nicolaum
1269 4153 1408 4232 juratum
1436 4153 1466 4213 in
1493 4152 1521 4212 X

258 4260 372 4321 marcis
402 4260 607 4321 denariorum
640 4281 712 4321 cum
746 4262 897 4341 porcione
922 4261 1037 4340 judicis
1071 4261 1220 4322 videlicet
1254 4261 1350 4322 tercia
1370 4281 1441 4342 pars
1473 4260 1521 4341 ju·

258 4366 321 4428 dici
347 4367 440 4429 cedit.

365 4474 442 4535 ltem
468 4475 583 4554 jurabit
607 4474 730 4553 Agatha
757 4495 834 4534 uxor
859 4475 986 4534 Andree
1004 4474 1143 4553 agricole
1168 4475 1291 4554 antiqui
1317 4486 1431 4534 octavo
1456 4473 1519 4550 die,

257 4600 353 4662 super
366 4580 426 4643 hoc
444 4580 561 4659 jurabit
578 4595 688 4642 contra
706 4581 904 4661 Stephanum
923 4580 1060 4658 iuratum
1079 4579 1199 4640 dictum
1219 4581 1338 4661 Zaylm,
1356 4579 1519 4640 terciamet

257 4706 475 4769 superarem,
500 4702 534 4748 ut
558 4687 624 4769 ipsa
650 4687 736 4747 nulla
761 4686 922 4765 sortilegia
943 4686 1001 4767 ipsi
1028 4685 1191 4766 Stephano
1216 4686 1318 4766 jurato
1343 4705 1401 4747 nec
1427 4686 1516 4746 uxori

257 4813 314 4859 sue
338 4792 474 4872 lecisset,
499 4813 557 4857 nec
574 4793 634 4857 sibi
659 4794 690 4856 in
716 4795 810 4857 rebus
833 4791 897 4855 suis
914 4791 1048 4874 aliquod
1073 4793 1249 4875 dampnum
1275 4791 1444 4870 intulisset,
1461 4791 1517 4854 sed
