3488 5272
244 356 306 417 330
617 332 819 413 Anno1468.
845 368 885 379 -
909 329 961 397 26.
977 333 1132 411 januarii.

349 549 425 610 Item
451 549 525 630 quia
558 546 693 609 condam
721 548 843 630 Svmon
875 564 963 610 sutor
988 548 1079 609 Sterk
1109 547 1224 625 dictus,
1249 547 1302 629 qui
1329 562 1375 609 est
1408 548 1510 609 inter·

242 654 343 716 lectus
367 676 423 738 per
448 655 601 716 Mathiam
627 668 779 731 sutorem,
805 655 992 735 expurgavit
1020 654 1198 735 Georgium
1222 668 1362 714 sutorem
1387 655 1506 715 belravi

242 763 374 841 dictum,
398 763 564 824 concivem
583 775 727 822 nostrum
744 781 839 843 super
863 762 929 843 ipsa
948 781 1024 822 nece
1041 780 1148 822 coram
1166 761 1275 822 multis
1290 761 1400 843 probis
1416 762 1507 824 viris.

289 995 384 1069 Feria
414 1001 519 1069 tercia
548 1002 702 1086 proxima
728 1008 804 1088 post
831 1000 955 1071 festum
985 999 1216 1071 Conversionis
1245 1002 1333 1071 beati
1363 999 1459 1071 Pauli

795 1125 951 1212 apostoli.

740 1273 806 1354 (26.
824 1276 997 1356 jartunrr'r).

348 1415 425 1476 ltem
450 1415 547 1476 tercia
572 1416 640 1476 vice
658 1417 891 1498 proclamatum
916 1437 1011 1499 super
1035 1418 1127 1478 vinea
1145 1417 1278 1499 provide
1302 1417 1504 1497 Margarethe

242 1521 395 1598 mulieris,
420 1521 529 1582 relicte
554 1523 690 1583 condam
716 1524 870 1584 Anthonii
897 1525 971 1584 dicti
998 1524 1202 1607 Mychgolen,
1227 1524 1367 1585 concivis
1391 1524 1505 1603 nostri,

243 1627 274 1686 in
300 1627 459 1687 territorio
485 1627 567 1688 dicte
592 1629 729 1690 civitatis
752 1630 870 1709 habita,
895 1645 941 1692 est
957 1645 1004 1691 ter
1029 1631 1274 1712 proclamatum,
1299 1631 1386 1711 quod
1411 1630 1503 1691 litera

241 1732 383 1792 eiusdem
409 1748 455 1794 est
480 1734 645 1814 deperdita
670 1756 732 1816 que
762 1737 877 1798 nullibi
903 1737 1033 1818 reperiri
1050 1738 1165 1819 potuit,
1183 1737 1257 1798 ideo
1282 1736 1504 1798 commisimus

240 1839 344 1899 eidem
371 1839 478 1900 relicte
512 1855 541 1901 et
574 1840 732 1922 Gregorio
764 1842 831 1903 filio
863 1843 1007 1903 eiusdem
1041 1843 1080 1905 de
1114 1863 1198 1903 novo
1225 1857 1270 1904 est
1303 1843 1405 1904 littera
1431 1841 1501 1902 dari

240 1946 421 2006 commissa.

348 2052 423 2112 ltem
449 2072 579 2113 consors
604 2055 687 2114 Petri
713 2054 876 2137 Svdaryclr
902 2071 1011 2118 contra
1029 2057 1218 2117 Thomaslto
1242 2054 1432 2117 secundario
1458 2054 1502 2114 ci-

240 2174 302 2218 tata
328 2179 392 2218 non
417 2161 596 2240 comparuit
621 2181 727 2221 coram
754 2163 847 2221 nobis
872 2163 903 2222 in
929 2162 1058 2240 judicio,

348 2265 425 2325 ltem
450 2267 526 2346 quia
552 2287 645 2327 causa
679 2268 759 2328 inter
785 2267 982 2348 Stephanum
1014 2282 1155 2329 sutorem
1188 2268 1314 2329 fratrem
1342 2268 1425 2328 luce
1449 2286 1502 2327 su·

239 2372 327 2449 toris,
353 2373 533 2433 concivium
560 2388 753 2451 nostrorum,
779 2390 808 2434 et
842 2375 922 2434 inter
947 2375 1153 2435 Valentinum
1186 2375 1225 2436 de
1252 2374 1416 2435 Kralewcz
1454 2372 1501 2452 jo-

240 2478 410 2558 bagionem
437 2481 528 2540 castri
555 2481 691 2555 Mediae,
716 2501 779 2561 que
813 2501 906 2540 causa
932 2497 1101 2561 prorogata
1134 2479 1193 2541 luit
1216 2481 1256 2541 ad
1283 2478 1502 2556 concordiam,

239 2599 269 2645 et
294 2585 317 2644 si
344 2586 537 2646 concordare
563 2606 625 2647 non
652 2601 801 2668 poterunt
826 2587 953 2647 easdem
979 2604 1092 2668 partes,
1118 2601 1232 2648 extunc
1257 2587 1368 2648 eedem
1395 2598 1502 2667 partes

239 2711 424 2771 comparere
448 2693 642 2753 tenebuntur
667 2692 706 2752 ad
732 2694 871 2774 primum
890 2693 1055 2771 judicium,
1080 2708 1110 2754 et
1134 2694 1209 2774 quia
1227 2694 1293 2774 ipse
1311 2691 1501 2753 Valentinus

240 2817 303 2856 non
330 2800 519 2879 comparuit,
540 2820 596 2859 nec
615 2799 807 2859 Benedictus
831 2799 925 2877 judex
951 2801 1005 2880 qui
1031 2816 1076 2861 est
1094 2800 1261 2860 fideiussor
1278 2798 1415 2860 eundem
1434 2816 1500 2857 non

240 2905 433 2984 presentavit
456 2905 495 2964 ad
520 2905 685 2984 judicium.

347 3011 422 3070 ltcrn
449 3013 529 3071 trina
556 3014 621 3072 vice
648 3028 694 3073 est
726 3013 941 3094 proclamatus
974 3014 1109 3073 llatlrias
1139 3026 1238 3089 sutor,
1263 3011 1316 3091 qui
1343 3008 1499 3071 interfecit

243 3118 419 3197 symonem
445 3133 584 3178 sutorem
613 3120 702 3178 Sterk
721 3120 854 3196 dictant,
880 3134 913 3178 nt
939 3119 1003 3199 ipse
1022 3120 1143 3179 veniret
1167 3118 1206 3178 ad
1232 3118 1385 3197 judicium
1411 3129 1441 3176 et
1464 3135 1497 3176 se

239 3239 410 3297 excusaret,
436 3226 489 3304 qui
506 3226 642 3285 Mathias
668 3227 697 3284 in
724 3226 813 3285 nnllo
838 3227 931 3285 trium
952 3225 1245 3305 proclamationum
1270 3224 1407 3284 termino
1433 3242 1497 3281 non

240 3331 323 3388 venit
349 3352 405 3390 nec
431 3332 572 3409 aliquem
599 3352 655 3411 pro
673 3353 704 3389 se
731 3332 854 3391 mittere
880 3332 1011 3406 curavit,
1038 3332 1110 3391 itleo
1129 3334 1212 3390 bona
1238 3350 1292 3389 suu
1318 3343 1349 3389 et
1375 3346 1496 3409 posses·

237 3439 342 3496 sinnas
368 3438 398 3496 in
424 3439 505 3497 tlicta
531 3439 657 3497 civitate
683 3452 710 3497 et
737 3439 804 3497 eins
829 3439 987 3497 territorio
1010 3438 1128 3514 habite,
1154 3454 1256 3517 preter
1281 3435 1398 3511 debita,
1422 3454 1496 3493 con-

238 3545 470 3605 descenderunt
498 3546 527 3603 in
563 3544 699 3615 iudicem
724 3560 752 3604 et
787 3544 906 3619 juratos
938 3558 1090 3603 ettotam
1124 3543 1389 3603 connnunitatem
1415 3540 1497 3599 dicte

238 3667 382 3711 civitatis.
