3488 5272
238 324 298 399 3ob
608 310 812 392 Ann01466.
838 346 878 356 -
894 324 929 389 5.
952 312 1119 372 decembris.

236 528 319 590 torio
345 527 428 588 dicte
453 526 589 588 civitatis
607 526 774 606 pascentis,
800 544 856 606 per
881 525 1000 604 juratos
1017 525 1099 585 dicte
1124 523 1260 584 civitatis
1283 520 1505 601 adjudicatam

237 648 268 696 et
292 653 348 716 per
373 633 477 715 ipsum
505 631 719 693 Laurentium
743 633 784 691 ad
808 632 952 693 seniores
984 632 1068 692 dicte
1092 628 1228 691 civitatis
1251 627 1447 711 appellatam
1472 640 1506 689 et

237 761 294 823 per
326 739 468 801 seniores
501 737 622 818 judices
654 738 882 817 adjudicatam,
915 751 945 799 et
974 737 1102 799 tandem
1135 735 1174 796 de
1206 734 1326 815 judicio
1359 734 1504 816 ipsorum

238 850 402 910 seniorum
427 846 569 927 judicum
605 845 671 926 ipse
697 843 815 905 Paulus
848 864 912 905 non
939 858 1117 920 contentus,
1150 842 1285 903 eandem
1309 859 1438 903 causam
1463 840 1506 901 nd

240 952 446 1036 magnificum
479 952 647 1012 dominum
674 950 854 1011 lohannem
887 950 925 1010 de
952 950 1086 1029 llozgon
1121 948 1307 1028 magistrum
1332 946 1505 1008 thawarni·

243 1079 352 1121 cotum
380 1058 503 1119 domini
529 1057 627 1119 nostri
653 1056 737 1136 regis
761 1056 967 1138 appellatam,
993 1075 1089 1137 quam
1115 1054 1391 1133 adjudicationem
1417 1054 1504 1136 ipso·

242 1185 312 1226 rum
338 1164 514 1244 juratorum
533 1163 616 1223 dicte
634 1161 770 1223 civitatis
795 1162 861 1243 ipse
883 1163 1034 1243 magister
1050 1161 1295 1222 tawarnicotum
1313 1175 1506 1238 revocasset,

240 1273 295 1333 sed
321 1270 598 1349 adjudicacionem
626 1268 768 1349 ipsorum
794 1268 957 1329 seniorum
992 1267 1134 1348 judicum
1160 1267 1243 1329 dicte
1268 1266 1404 1329 civitatis
1427 1286 1505 1327 con-

239 1377 407 1454 firmasset,
434 1389 528 1457 prout
553 1376 613 1435 hoc
638 1375 668 1434 in
695 1376 861 1435 tenoribus
885 1375 1048 1435 literatum
1073 1373 1379 1454 adjudicatoriarum
1404 1373 1507 1456 ipsius

240 1484 364 1546 domini
392 1482 545 1543 lobannis
569 1482 607 1540 de
634 1481 768 1561 Rozgon
802 1481 944 1561 magistri
977 1480 1245 1541 chawarnicorum
1279 1480 1378 1541 lacius
1402 1479 1504 1540 conti·

242 1605 334 1652 netur
359 1603 389 1649 et
412 1588 557 1649 habetur.

347 1694 425 1756 Item
450 1694 546 1754 tercia
579 1693 647 1752 vice
679 1707 725 1753 est
750 1693 982 1773 proclamatum
1016 1712 1072 1773 per
1101 1711 1255 1773 precones
1286 1704 1392 1752 nostre
1416 1709 1505 1752 com-

242 1801 417 1878 munitatis,
442 1813 476 1862 ut
500 1801 575 1881 quia
600 1799 739 1880 quedam
757 1799 846 1860 litera
874 1800 959 1860 Luce
978 1799 1094 1860 sutoris
1118 1798 1224 1859 claudi
1249 1817 1345 1879 super
1369 1798 1505 1858 domum

242 1924 272 1969 et
297 1908 432 1969 fundum
459 1908 490 1967 in
516 1906 599 1967 dicta
624 1906 752 1966 civitate
777 1925 813 1966 ac
838 1906 920 1967 inter
941 1904 1057 1966 domos
1081 1918 1111 1965 et
1136 1904 1254 1965 fundos
1279 1904 1430 1986 Symonis
1454 1923 1506 1964 su-

242 2016 319 2075 toris
352 2015 391 2074 ab
425 2033 486 2074 una
521 2027 551 2073 et
583 2031 800 2072 successorum
835 2011 971 2072 condam
1006 2012 1163 2072 Francisci
1196 2012 1312 2072 sutoris
1336 2011 1375 2073 ab
1407 2010 1506 2072 altera

243 2121 397 2203 partibus,
421 2122 461 2180 ab
486 2119 602 2180 eodem
620 2118 788 2179 casualiter
812 2119 925 2179 amissa
951 2132 981 2177 et
998 2118 1164 2199 deperdita
1193 2118 1309 2194 existit,
1333 2137 1396 2198 que
1413 2116 1506 2179 litera

245 2227 358 2288 nullibi
385 2226 516 2307 reperiri
542 2225 656 2306 potuit,
691 2225 740 2284 cui
775 2225 864 2286 litera
897 2224 936 2285 de
969 2244 1054 2284 novo
1079 2244 1174 2305 super
1206 2223 1317 2285 eadem
1344 2224 1444 2285 domo
1476 2238 1507 2285 et

242 2332 341 2394 [undo
367 2334 462 2393 debet
487 2332 555 2392 dari
580 2331 666 2411 juxta
692 2331 917 2391 condicionem
949 2331 1032 2391 dicte
1058 2331 1205 2392 civitatis.

151 2410 159 2429 ⁹
348 2438 425 2499 ltem
451 2438 548 2499 tercia
574 2438 641 2498 vice
667 2452 712 2497 est
736 2438 969 2518 proclamatum
996 2438 1083 2518 quod
1117 2458 1179 2498 una
1204 2436 1295 2498 litera
1321 2437 1404 2499 dicte
1428 2437 1506 2499 civi-

244 2546 316 2606 tatis
338 2563 433 2625 super
459 2545 550 2604 vinea
576 2543 700 2625 providi
727 2543 784 2602 viri
816 2543 963 2625 Dyonisli
996 2544 1174 2625 piscatoris,
1198 2545 1333 2605 senioris
1357 2543 1450 2623 jurati
1477 2558 1508 2605 et

244 2651 383 2711 concivis
409 2651 519 2727 nostri,
544 2651 583 2710 ab
609 2649 723 2710 eodem
749 2650 917 2710 casualiter
942 2648 1023 2712 foret
1047 2651 1162 2711 amissa
1187 2665 1218 2712 et
1241 2651 1419 2733 deperdita,
1443 2670 1507 2732 que

245 2757 359 2818 nullibi
387 2756 516 2837 reperiri
549 2756 665 2836 potuit,
697 2754 770 2815 ideo
803 2755 898 2816 debet
930 2756 988 2816 sibi
1024 2757 1089 2816 dari
1125 2757 1163 2817 de
1197 2776 1282 2817 novo
1306 2757 1397 2818 litera
1422 2756 1506 2818 dicte

245 2863 382 2923 civitatis
406 2882 501 2943 super
525 2862 637 2922 eadem
664 2862 755 2921 vinea
781 2861 866 2940 juxta
895 2862 1120 2923 condicionem
1147 2863 1229 2922 dicte
1255 2862 1400 2945 civitatis.

352 2968 426 3029 ltem
453 2968 607 3048 providus
639 2968 685 3026 vir
710 2967 861 3028 Nicolaus
893 2984 1004 3046 sartor,
1029 2970 1136 3029 senior
1167 2968 1288 3047 juratus
1312 2983 1342 3028 et
1366 2969 1508 3030 concivis

246 3088 363 3151 noster,
388 3071 489 3134 lassus
514 3089 569 3151 est,
595 3074 762 3154 quuntudu
787 3077 940 3155 providus
960 3077 1006 3135 vir
1034 3078 1133 3136 lucas
1158 3090 1259 3137 sartor
1277 3077 1421 3151 claudus,
1438 3096 1507 3136 suc·

247 3199 351 3238 sessor
377 3181 512 3239 condam
540 3180 793 3261 Gyn·anon·ych,
817 3195 961 3262 tempore
979 3182 1083 3243 adhuc
1108 3182 1266 3261 judicatus
1291 3183 1385 3243 Blasii
1412 3184 1507 3263 Ztoy·

245 3286 372 3366 mylyclt
399 3286 486 3361 dicti,
510 3285 587 3345 olim
614 3286 706 3361 jurati
732 3299 763 3347 et
787 3287 864 3346 civis
889 3287 971 3348 dicte
998 3289 1142 3365 civitatis,
1169 3290 1323 3367 debitum,
1349 3309 1414 3371 quo
1440 3289 1507 3368 ipse

247 3391 380 3472 Symoni
407 3392 516 3451 sartori
543 3408 572 3451 et
598 3394 721 3452 concivi
757 3409 877 3470 nostro,
912 3396 1062 3455 videlicet
1094 3397 1237 3476 quinque
1263 3396 1331 3457 llor.
1357 3396 1424 3456 auri
1450 3414 1508 3476 pto

246 3497 385 3577 quadam
411 3498 509 3557 domo
534 3500 749 3577 obligabatur,
774 3501 878 3559 eidem
907 3502 1042 3562 Nicolao
1066 3504 1178 3562 sartori
1204 3522 1262 3583 pro
1288 3503 1379 3563 certis
1403 3523 1508 3564 exces-

245 3603 332 3663 sibus
358 3604 500 3663 eiusdem
528 3605 679 3684 Symonis
712 3605 850 3666 dedisset
883 3623 912 3668 et
938 3610 1128 3686 assignasset
1161 3629 1297 3669 unacum
1325 3608 1428 3685 judice
1454 3629 1508 3670 eo-

249 3722 324 3769 tunc
348 3723 378 3769 et
403 3709 520 3785 juratis.

356 3813 431 3874 ltem
460 3814 612 3875 Erasinus
636 3837 733 3896 gerres
759 3819 912 3879 lobannis
934 3821 1116 3903 ll'enthych
1135 3823 1239 3902 primo
1264 3822 1376 3883 citatus
1400 3838 1509 3885 contra

249 3938 430 3981 consortem
458 3921 609 3981 Demetrii
636 3926 751 3983 sutoris
777 3945 839 3985 non
866 3929 1045 4008 cotnparnit
1071 3930 1099 3987 in
1127 3929 1245 4004 judicio
1270 3949 1377 3990 cotani
1406 3931 1508 3991 nobis.

354 4027 451 4098 (luod
477 4029 550 4107 quia
578 4029 634 4088 viri
656 4031 780 4109 providi
804 4032 956 4093 Clemens
973 4036 1095 4093 lieczlta
1115 4035 1217 4094 dictus
1234 4050 1263 4096 et
1290 4036 1406 4096 l'aulus
1422 4050 1510 4096 sutor

250 4134 280 4193 id
307 4134 336 4194 in
362 4135 437 4195 sede
462 4149 567 4193 nostra
594 4134 757 4205 judiciaria
787 4139 869 4199 clare
903 4142 1164 4220 comprobarunt,
1199 4156 1230 4201 ut
1256 4141 1332 4201 dunt
1357 4142 1510 4223 providus

250 4240 297 4299 vir
324 4240 406 4300 ln'an
433 4240 596 4321 Chaplycz
622 4242 735 4317 dictus,
753 4245 829 4304 olim
852 4247 992 4305 concivis
1017 4262 1133 4323 noster,
1152 4249 1181 4307 in
1201 4249 1348 4308 extremis
1373 4250 1437 4310 vite
1455 4270 1510 4310 sue

252 4347 437 4425 temporalis
462 4346 644 4424 laborasset,
669 4364 744 4408 tunc
762 4349 827 4429 ipse
853 4351 983 4412 eosdem
1002 4370 1186 4414 executores
1207 4374 1281 4414 suos
1300 4354 1435 4430 lecisset,
1456 4356 1509 4417 ubi

251 4451 316 4530 ipse
343 4452 546 4513 medietatem
573 4452 699 4531 dumus,
734 4454 822 4514 lundi
857 4477 892 4515 ac
921 4456 1155 4536 ltetliliciorum,
1188 4462 1390 4522 medietatem
1417 4463 1510 4523 vinee

254 4578 284 4617 tn
311 4559 470 4620 territorio
495 4560 577 4620 dicte
602 4561 754 4639 civitatis,
788 4583 845 4623 nec
877 4584 941 4623 non
966 4578 1068 4625 totum
1102 4565 1255 4647 (hlortum
1288 4568 1410 4629 eisdem
1437 4589 1510 4629 ven·

249 4662 346 4723 tlendi
373 4679 402 4725 et
427 4686 485 4747 pto
510 4666 615 4726 anima
641 4688 696 4728 sua
722 4669 923 4750 expendendi
950 4683 980 4731 et
1004 4672 1112 4733 debita
1137 4672 1281 4733 eiusdem
1306 4674 1510 4754 persolvendi

249 4769 443 4831 attribuisset
473 4768 667 4835 facultatem.
