3488 5272
267 326 307 386 60

634 328 721 384 Anno
743 340 833 403 1453.
860 361 899 371 -
924 328 974 404 23'.
998 328 1168 387 novembris.

266 537 402 597 condam
437 538 570 599 Fabiani
604 537 707 599 fratris
736 537 825 620 olym
859 538 988 600 Martini
1025 538 1139 618 judicis
1174 540 1277 621 ipsum
1315 539 1528 602 Laurencium

265 664 375 726 sporar
400 641 578 707 debitorem
610 647 670 707 sibi
696 648 864 722 asserebat,
883 665 938 726 per
964 646 1082 727 juratos
1107 646 1208 728 pridie
1240 646 1470 728 adjudicatum,
1495 646 1527 707 in

265 750 403 812 termino
428 751 645 832 deposicionis
669 751 767 833 ipsius
791 750 961 832 juramenti
987 771 1051 813 non
1081 750 1230 833 deposuit
1253 772 1359 834 neque
1383 752 1529 836 prestitit,

265 855 338 917 ideo
364 857 514 918 remansit
539 857 570 918 in
596 856 762 918 solucione
794 857 933 937 ipsarum
967 857 1176 939 pecuniarum
1210 872 1320 920 contra
1353 859 1529 940 predictam

265 980 396 1023 uxorem
429 962 528 1044 ipsius
561 962 694 1023 Fabiani
721 975 752 1025 et
783 982 900 1045 pueros
930 982 1023 1039 suos;
1051 983 1131 1044 quas
1163 965 1314 1046 pecunias
1338 984 1394 1046 per
1427 965 1529 1047 ipsam

265 1086 394 1127 uxorem
420 1068 495 1129 dicti
528 1069 661 1129 Fabiani
696 1082 806 1130 contra
839 1069 942 1151 ipsum
981 1070 1197 1132 Laurencium
1230 1070 1410 1154 propositas
1442 1070 1528 1134 idem

265 1172 460 1234 Laureocius
493 1174 597 1235 eidem
631 1175 720 1236 uxori
756 1174 854 1257 ipsius
887 1175 1021 1236 Fabiani
1053 1176 1235 1257 persolvere
1268 1188 1395 1238 tenetur
1424 1194 1528 1258 usque

263 1279 443 1360 quindenas
466 1279 591 1361 justicia
617 1280 810 1362 requirente.

369 1385 447 1447 ltem
480 1385 626 1449 Thomas
658 1386 791 1449 Cheden
824 1386 949 1449 institor
985 1400 1094 1448 contra
1127 1387 1319 1470 Dyonisium
1352 1386 1529 1471 Wodopya

263 1493 368 1574 primo
390 1494 503 1556 citatus
526 1514 591 1556 non
617 1494 806 1576 comparuit.

369 1599 445 1662 ltem
483 1620 611 1661 eausam
648 1620 746 1682 quam
781 1601 943 1662 Barnabas
974 1620 1073 1682 gener
1104 1601 1196 1662 Turk
1227 1620 1285 1683 pro
1321 1600 1528 1684 percussione

263 1706 370 1767 uxoris
394 1726 450 1768 sue
475 1721 585 1768 contra
610 1705 803 1788 Gregorium
833 1705 1029 1787 lutifigulum
1062 1706 1182 1768 dictum
1208 1707 1318 1790 Zaylco
1343 1726 1428 1769 nunc
1454 1726 1513 1790 pto

262 1831 381 1893 ponere
406 1812 553 1891 habebat,
579 1834 635 1895 per
659 1813 853 1896 peticionem
883 1812 1048 1874 Michaelis
1079 1811 1230 1895 pellificis
1255 1826 1285 1874 et
1309 1813 1387 1875 socii
1412 1813 1461 1876 sui
1486 1813 1527 1876 ad

263 1919 400 2001 primum
427 1919 581 2001 judicium
607 1941 664 2003 pro
690 1919 836 1981 habenda
860 1939 938 2001 pace
963 1919 1113 1981 duximus
1137 1920 1386 2003 prorogandam.

368 2026 445 2087 ltem
470 2025 562 2106 jurati
591 2025 814 2105 adjudicarunt
846 2045 972 2087 causam
997 2027 1145 2107 vituperii
1171 2027 1252 2088 inter
1276 2027 1451 2089 Martinum
1476 2026 1527 2108 ju·

263 2132 366 2193 dicem
386 2146 419 2194 ut
436 2147 576 2193 actorem
601 2134 641 2193 ab
666 2151 740 2209 una,
758 2147 788 2192 et
812 2145 900 2213 parte
925 2134 964 2193 ab
989 2132 1086 2194 altera
1104 2132 1185 2196 inter
1209 2132 1403 2214 Gregorium
1427 2132 1521 2195 Wre·

263 2239 398 2321 charych
425 2253 458 2300 ut
483 2239 514 2299 in
540 2258 666 2299 causam
691 2252 870 2315 attractum,
892 2239 946 2299 tali
966 2238 1075 2316 modu,
1102 2251 1135 2299 ut
1156 2238 1232 2320 quia
1257 2239 1324 2321 ipse
1350 2238 1527 2320 Gregorius

263 2345 467 2426 Vrecharych
491 2364 599 2406 coram
625 2344 730 2424 judice
756 2359 785 2405 et
818 2344 920 2423 jurato
954 2345 1155 2426 vituperavit,
1181 2360 1278 2427 prout
1310 2345 1395 2407 idem
1427 2344 1524 2423 judex

263 2466 293 2512 et
318 2450 439 2531 juratus
463 2451 608 2537 moderni
634 2469 741 2512 coram
766 2464 832 2512 tota
864 2451 1096 2512 communitate
1122 2450 1219 2512 hodie
1244 2449 1317 2513 sassi
1349 2466 1423 2513 sunt
1446 2450 1525 2513 fide·

263 2558 371 2639 digne,
397 2559 471 2620 ideo
505 2561 571 2641 ipse
597 2558 772 2639 Gregorius
805 2558 1023 2641 Wrecharych
1056 2578 1154 2640 penes
1186 2572 1336 2621 contenta
1367 2558 1526 2641 privilegii

261 2666 442 2726 communis
466 2679 575 2727 contra
598 2665 776 2747 predictum
796 2666 970 2726 Martinum
996 2665 1136 2745 judicem
1154 2665 1306 2726 remansit
1330 2665 1361 2725 in
1387 2664 1527 2746 birsagio

261 2787 398 2851 quatuor
423 2773 536 2833 marcis
560 2772 765 2833 denariorum
799 2786 830 2832 et
862 2786 970 2833 contra
996 2772 1114 2849 juratos
1145 2771 1176 2831 in
1202 2790 1265 2832 una
1288 2790 1392 2832 marca
1428 2771 1524 2832 dena·

261 2878 399 2954 riorum;
425 2879 463 2939 de
497 2898 562 2959 quo
595 2877 716 2959 judicio
749 2880 815 2959 ipse
848 2877 1025 2959 Gregorius
1055 2896 1119 2937 non
1153 2890 1323 2938 contentus
1355 2877 1530 2959 appellavit

260 2984 394 3045 eandem
420 3005 547 3046 causam
565 3005 636 3046 cum
662 2985 752 3045 totali
771 2986 851 3045 serie
878 2985 975 3065 ipsius
992 2983 1246 3064 adjudicacioois
1270 2983 1301 3044 in
1327 2984 1526 3065 presenciam

260 3092 421 3152 seniorum
455 3092 598 3167 iudicum
624 3111 682 3172 pro
716 3092 840 3151 meliori
874 3092 972 3172 ipsius
1005 3091 1253 3152 deliberacione.
1286 3090 1364 3152 ltem
1401 3091 1529 3152 racione

260 3199 454 3279 potenciaric
489 3198 703 3279 peraraclonis
736 3197 901 3258 cuiusdam
939 3213 1019 3259 terre
1046 3197 1145 3278 ipsius
1179 3197 1306 3257 Martini
1332 3195 1447 3276 judicis
1479 3215 1527 3257 re·

260 3306 375 3365 mansit
400 3306 430 3366 in
457 3307 615 3387 potencia,
640 3324 737 3385 quarn
763 3305 876 3364 iterum
916 3323 1042 3364 causam
1067 3304 1106 3362 ad
1137 3303 1279 3363 seniores
1303 3302 1425 3382 judices
1458 3303 1527 3385 ipse

260 3409 435 3492 Gregorius
460 3411 632 3493 appellavit
656 3430 714 3491 pro
740 3409 828 3470 finali
859 3410 1106 3471 deliberacione.

366 3519 442 3579 ltem
468 3519 621 3580 Nicoluus
646 3531 746 3577 sartor
769 3536 867 3597 gener
892 3516 1046 3577 lohannis
1064 3515 1237 3597 Perovvych
1263 3530 1372 3576 contra
1398 3515 1519 3597 Dyoni·

258 3626 339 3686 sium
367 3626 531 3707 ll’odopia
556 3626 660 3706 primo
685 3626 799 3685 citatus
823 3644 886 3685 non
916 3624 1106 3706 comparuit.

366 3732 441 3793 ltem
468 3752 594 3793 causam
621 3732 702 3792 inter
727 3731 862 3790 l’uulum
880 3750 1067 3812 arcuparem
1086 3742 1116 3791 et
1140 3728 1262 3788 socium
1281 3748 1374 3788 suum
1393 3742 1423 3788 et
1441 3728 1523 3790 inter

259 3838 458 3900 Anthonium
485 3858 669 3920 arcopurem
695 3838 814 3898 dictum
839 3838 941 3898 lanko
966 3858 1021 3919 per
1053 3837 1222 3897 instantem
1249 3836 1443 3916 peticionem
1470 3835 1523 3896 lo·

259 3945 373 4007 hsnnis
398 3947 571 4029 l'erowvch
598 3960 627 4007 et
653 3945 779 4005 hlartini
807 3943 919 4022 judicis
944 3945 982 4004 ad
1007 3945 1145 4026 primum
1178 3942 1332 4023 judicium
1359 3962 1416 4023 pru
1442 3962 1521 4024 pace

258 4050 363 4114 fienda
389 4052 538 4114 duximus
563 4051 810 4134 prorogandam.

364 4159 439 4220 ltem
473 4158 563 4239 jurati
598 4156 818 4232 adjudicarunt
852 4176 978 4216 causam
1006 4157 1035 4216 in
1071 4155 1153 4216 lacto
1185 4155 1277 4215 vinee
1304 4154 1457 4215 Demetrii
1489 4170 1520 4216 et

259 4265 382 4326 Nicolai
408 4264 548 4326 liliorum
574 4263 709 4324 condam
736 4263 816 4322 Petri
845 4261 977 4344 llulcych
1008 4262 1088 4323 inter
1114 4260 1314 4321 Demetrium
1341 4260 1520 4341 predictum

258 4384 288 4432 et
313 4370 393 4431 inter
418 4370 610 4451 Gregorium
637 4369 756 4430 dictum
784 4368 932 4428 Procerto
958 4382 1144 4444 vertentem,
1169 4367 1224 4426 tali
1250 4366 1365 4443 modu,
1391 4381 1424 4427 ut
1448 4367 1524 4448 quia

258 4477 324 4559 ipse
350 4475 527 4557 Gregorius
551 4495 623 4537 cum
641 4473 810 4535 sufficienti
837 4474 1023 4534 testimonio
1042 4474 1072 4533 id
1091 4473 1324 4554 comprobavit,
1351 4472 1439 4552 quod
1458 4473 1523 4555 ipse

258 4583 433 4665 Gregorius
449 4584 637 4667 porcionem
662 4581 753 4642 vinee
773 4581 870 4663 ipsius
896 4581 1050 4642 Demetrii
1067 4581 1128 4642 sibi
1146 4580 1240 4661 plene
1265 4579 1432 4660 persolvit,
1450 4580 1523 4642 ideo

258 4690 324 4773 ipse
349 4689 525 4772 Gregorius
548 4704 594 4752 est
617 4689 697 4751 liber
721 4702 751 4749 et
773 4686 897 4749 solutus
921 4689 960 4747 ab
986 4688 1055 4768 ipso
1081 4687 1244 4748 Demetrio
1269 4700 1300 4748 et
1317 4686 1443 4769 prelato
1469 4687 1524 4748 Ni·

258 4795 351 4859 colao
375 4794 462 4857 fratri
488 4796 587 4879 ipsius
619 4794 773 4857 Demetrii
807 4794 874 4875 ipse
908 4793 1086 4875 Gregorius
1117 4808 1180 4854 tres
1203 4812 1276 4856 cum
1308 4794 1417 4855 medio
1449 4794 1522 4857 flor.
