3488 5272
612 335 812 412 Ann01453.
838 369 879 377 -
904 350 951 395 12.
967 335 1128 411 januarii.
1462 356 1505 418 49

238 544 395 625 premisso
419 545 500 606 sicut
517 545 638 608 sociam
659 566 750 608 suam
775 547 1031 629 adjudicavimus
1047 550 1180 631 turpiter
1205 548 1308 612 facere
1331 551 1503 633 expellere,

239 651 478 714 committentes
509 652 627 731 eidem,
653 669 686 714 ut
719 653 759 716 de
791 670 898 717 cetero
931 671 961 716 et
992 676 1048 737 per
1072 656 1210 738 amplius
1242 657 1308 738 ipsa
1335 657 1433 720 Lucia
1464 658 1503 719 ad

239 757 401 819 civitatem
425 757 603 841 predictam
628 760 752 821 eteius
781 761 977 823 territorium
1010 762 1126 823 intrare
1151 781 1215 823 non
1242 761 1367 841 debeat,
1391 782 1454 844 que
1479 764 1504 825 si

240 864 280 925 de
305 877 412 926 cetero
436 879 467 926 et
489 884 546 947 per
570 865 709 948 amplius
727 866 758 927 in
774 866 901 928 civitate
924 868 1040 930 eteius
1058 869 1218 930 territorio
1236 883 1381 951 repperta
1399 867 1505 949 fuerit,

238 969 325 1049 juxta
349 989 405 1032 sua
431 970 585 1033 demerita
611 990 728 1054 penam
753 992 849 1053 quam
876 973 1070 1036 demeruerit
1095 987 1319 1056 consequetur.

345 1076 425 1141 ltem
449 1077 524 1158 quia
551 1077 651 1139 Elena
676 1077 741 1139 filia
770 1078 899 1142 Andree
926 1080 1124 1163 Zedmerych
1157 1080 1196 1141 de
1221 1081 1302 1142 ultra
1328 1096 1437 1144 monte
1463 1082 1504 1145 de

239 1197 348 1245 sancta
373 1183 544 1262 Trinitate‚
569 1184 744 1267 predictam
771 1185 980 1248 Katherinam
1005 1185 1147 1268 puellam
1173 1185 1310 1269 prefatas
1332 1207 1381 1248 res
1405 1188 1504 1269 ipsius
1566 1191 1572 1202 '

241 1288 391 1370 Gregorii
423 1289 535 1373 lprych
567 1290 753 1352 subtrahere
786 1291 948 1354 consuluit
981 1306 1010 1354 et
1043 1291 1227 1354 informavit
1251 1308 1281 1354 et
1312 1293 1504 1376 pecuniosa

239 1395 350 1457 Judeis
373 1415 469 1478 super
493 1397 577 1478 ipsas
607 1416 624 1458 a
657 1396 767 1458 Judeis
799 1411 960 1479 reppettas
992 1412 1022 1460 et
1054 1412 1197 1480 receptas
1228 1399 1267 1460 ad
1293 1418 1367 1460 usus
1392 1418 1502 1460 earum

240 1502 337 1563 simul
363 1503 583 1584 expenderunt
608 1503 639 1564 itt
658 1504 809 1566 societate
833 1518 962 1580 mutua3
988 1517 1019 1566 et
1036 1505 1111 1586 quia
1129 1504 1215 1586 juxta
1240 1503 1402 1567 decretum
1429 1524 1506 1566 con·

238 1609 418 1670 sencientes
442 1622 475 1670 et
498 1607 651 1670 facientes
674 1610 741 1692 pari
768 1630 850 1692 pena
879 1610 1057 1691 puniuntur
1091 1624 1121 1672 et
1146 1611 1252 1692 puniri
1277 1610 1406 1689 debent,
1431 1609 1505 1671 ideo

238 1714 340 1776 eciam
365 1714 559 1796 judicialiter
583 1715 784 1778 decrevimus
808 1716 864 1778 tali
889 1716 1000 1794 modo,
1026 1731 1061 1778 ut
1086 1717 1186 1778 eciam
1213 1717 1272 1799 ipsi
1297 1717 1397 1779 Elene
1420 1717 1506 1778 auris

239 1839 298 1903 pro
322 1820 425 1903 prima
451 1820 653 1885 correchone
678 1822 799 1884 abscidi
832 1823 937 1898 debet,
967 1836 1062 1905 prout
1093 1823 1231 1884 abscissa
1257 1836 1303 1885 est
1325 1824 1407 1884 circa
1431 1843 1504 1884 ecu-

239 1927 338 2003 leum,
363 1927 601 1990 committentes
625 1928 741 2006 eidem,
766 1943 801 1990 ut
833 1929 871 1989 de
906 1943 1011 1990 cetero
1037 1943 1067 1990 et
1090 1949 1147 2011 per
1177 1928 1316 2011 amplius
1339 1947 1503 2010 nunquam

239 2032 280 2095 ad
302 2033 464 2097 civitatem
497 2034 674 2116 predictam
706 2035 823 2098 intrare
857 2035 982 2112 debeat,
1016 2054 1078 2116 que
1111 2036 1137 2096 si
1167 2036 1197 2096 in
1230 2035 1356 2097 civitate
1382 2035 1505 2096 eteius

239 2141 402 2202 territorio
435 2142 473 2204 de
507 2156 612 2204 cetero
644 2142 797 2225 repperiri
832 2143 958 2225 poterit,
990 2141 1076 2224 juxta
1111 2162 1167 2204 sua
1199 2141 1354 2204 demerita
1388 2161 1505 2223 penam

240 2267 338 2329 quam
362 2246 558 2309 demeruerit
581 2262 796 2330 consequetur
819 2247 904 2329 juxta
938 2262 1086 2311 contenta
1112 2249 1272 2330 privilegii
1298 2247 1458 2330 punietur.

279 2434 282 2440 Ι
347 2353 424 2417 ltem
449 2355 525 2436 quia
550 2353 709 2435 Georgius
733 2353 818 2416 filius
843 2355 972 2436 Mathye
994 2354 1033 2416 de
1144 2355 1359 2436 juramentum
1383 2354 1443 2415 sibi
1469 2353 1500 2415 in

241 2458 324 2522 facto
350 2460 516 2522 cuiusdam
542 2458 725 2522 ferramenti
751 2460 930 2522 molendini
960 2460 1137 2539 cuiusdam,
1170 2461 1229 2521 sibi
1256 2461 1288 2520 in
1313 2480 1351 2521 eo
1376 2479 1433 2541 per
1456 2459 1504 2540 ju-

240 2582 326 2629 ratos
349 2567 581 2649 adjudicatum,
605 2581 640 2628 ut
672 2568 739 2649 ipse
777 2567 920 2649 predicta
952 2565 1142 2628 ferramenta
1175 2565 1409 2627 molendinarias
1440 2585 1505 2627 non

240 2673 406 2750 subtraxit,
430 2674 485 2734 sed
510 2693 569 2756 pro
592 2675 729 2755 pecunia
752 2693 807 2734 sua
834 2673 1041 2754 comparavit,
1060 2692 1125 2734 non
1150 2673 1302 2754 prestavit
1328 2691 1432 2753 neque
1451 2672 1504 2733 de-

241 2781 359 2862 posuit,
384 2780 458 2842 ideo
484 2781 514 2841 in
540 2778 625 2841 furtu
651 2780 750 2862 ipsius
787 2776 969 2840 ferramenti
1003 2778 1172 2860 culpabilis
1205 2778 1373 2853 remansit;
1400 2778 1505 2858 quisi

239 2885 279 2948 de
311 2901 417 2948 cetero
441 2905 478 2946 ex
509 2906 548 2948 eo
581 2887 613 2947 in
649 2887 774 2947 civitate
806 2885 946 2967 predicta
980 2898 1011 2945 et
1044 2885 1112 2945 cius
1143 2884 1304 2945 territorio
1337 2897 1504 2965 reppertus

240 2990 344 3071 fuerit,
368 2993 444 3074 quia
469 2992 508 3052 de
533 2992 646 3053 eadem
671 2992 799 3053 civitate
825 3006 855 3052 et
880 2991 949 3051 eius
972 2991 1133 3052 territorio
1159 2991 1342 3071 insignum
1368 3004 1397 3051 et
1422 2989 1503 3050 indi·

238 3099 324 3160 cium
349 3119 405 3160 sue
430 3097 660 3179 culpabilitatis
684 3096 819 3179 aufugit,
844 3098 875 3158 in
901 3097 1014 3158 eadem
1044 3097 1171 3158 civitate
1197 3111 1227 3157 et
1252 3097 1319 3157 eius
1343 3095 1503 3158 territorio

238 3206 457 3288 deprehensus
481 3203 585 3279 fuerit,
619 3204 705 3286 juxta
738 3224 795 3265 sua
831 3203 986 3266 demerita
1022 3223 1138 3285 penam
1175 3222 1272 3284 quam
1309 3202 1503 3264 demeruerit

239 3325 464 3395 consequetur.

344 3418 421 3482 ltem
447 3418 522 3500 quia
546 3417 723 3500 Gregorius
746 3437 909 3480 successor
934 3417 1071 3479 condam
1098 3415 1263 3478 Michaelis
1288 3415 1444 3497 Edudych
1470 3415 1501 3475 id

238 3544 313 3587 cunt
336 3524 507 3587 sufficienti
540 3525 725 3587 testimonio
757 3524 936 3586 Clementis
966 3522 1143 3604 freniparis,
1179 3521 1284 3600 jurati,
1316 3541 1372 3603 per
1395 3522 1501 3603 ipsum

240 3633 271 3694 iu
296 3631 380 3695 facto
406 3633 567 3695 intereos
595 3632 742 3714 producti
767 3632 1000 3713 comprobavit,
1032 3644 1064 3692 ut
1093 3649 1172 3691 uxor
1197 3629 1296 3712 ipsius
1320 3628 1500 3690 Clementis

237 3738 331 3819 jurati
364 3740 498 3823 predicti
532 3738 679 3820 Gregorii
712 3757 845 3800 uxorem
877 3751 1084 3799 commatrem
1114 3756 1204 3797 suam
1238 3735 1402 3817 percussit,
1427 3734 1501 3795 ideo

238 3845 390 3907 remansit
425 3845 456 3905 in
492 3865 545 3906 sex
582 3845 696 3906 marcis
731 3843 939 3906 denariorum
982 3859 1091 3905 contra
1127 3842 1267 3922 judicem
1311 3856 1341 3903 et
1380 3855 1502 3922 partem

239 3951 418 4016 adversam.
