3488 5272
243 361 302 422 166
603 361 690 422 Anno
712 374 804 440 1459.
830 394 871 407 -
893 358 947 424 26.
962 359 1117 439 januarii.

238 586 323 635 ratos
346 573 588 650 convincantur,
605 591 742 654 quarum
760 572 822 633 due
840 586 945 653 partes
968 571 1009 633 ad
1027 571 1206 651 ecclesiam,
1229 571 1326 633 tercia
1344 590 1421 633 vero
1439 571 1500 654 ipsi

238 678 336 760 judici
362 678 479 740 debeat
501 677 683 761 provenire.

345 783 423 846 ltem
447 784 637 845 Franciscus
668 781 809 867 frenipar
842 795 952 845 contra
977 782 1164 867 Philippum
1196 797 1339 845 sutorem
1363 782 1507 845 secundo

239 890 353 952 citatus
376 909 441 951 non
468 889 658 974 comparuit.

343 995 424 1058 Item
447 994 540 1076 jurati
566 994 831 1075 adjudicaverunt
862 1013 991 1056 causam
1016 994 1098 1056 inter
1121 993 1294 1056 Nicolaum
1319 992 1448 1077 Poeych
1473 1006 1509 1055 et

237 1102 381 1165 relictam
415 1101 512 1164 Blasii
545 1102 623 1164 alias
655 1101 771 1184 judicis
803 1101 932 1163 racione
964 1101 1132 1163 cuiusdam
1165 1101 1283 1178 debiti,
1316 1099 1404 1182 quod
1437 1100 1507 1184 ipse

238 1208 391 1271 Nicolaus
415 1221 529 1270 octavo
555 1207 606 1270 die
624 1207 841 1289 juramentum
858 1207 1022 1289 deponere
1040 1207 1171 1269 debebit
1195 1207 1228 1269 in
1251 1226 1302 1286 eo,
1327 1206 1416 1288 quod
1434 1207 1503 1291 ipsa

238 1314 370 1376 domina
394 1314 504 1375 relicta
529 1313 626 1376 Blasii
652 1314 815 1395 obligatur
838 1314 899 1375 sibi
923 1314 1048 1395 aliquas
1072 1313 1236 1395 pecunias.

344 1420 421 1482 Item
454 1419 549 1501 jurati
582 1418 848 1500 adjudicaverunt
881 1420 963 1481 inter
997 1419 1207 1481 Benedictum
1235 1432 1266 1481 et
1298 1419 1503 1482 Clementem

238 1527 388 1609 juratum,
413 1525 502 1607 quod
518 1524 662 1609 prefatus
678 1525 831 1588 Clemens
854 1525 976 1608 juratus
993 1526 1108 1587 debeat
1124 1525 1342 1607 juramentum
1365 1540 1506 1609 prestare

237 1633 269 1694 in
296 1652 346 1711 eo,
371 1646 405 1693 ut
430 1631 496 1713 ipse
521 1651 586 1692 non
611 1629 686 1693 fecit
708 1631 769 1692 sibi
793 1631 927 1712 aliquod
953 1631 1142 1715 dampnum.

343 1738 421 1799 ltem
446 1737 539 1818 jurati
571 1737 838 1817 adjudicaverunt
869 1756 998 1799 causam
1031 1738 1113 1799 inter
1142 1738 1313 1800 Nicolaum
1339 1738 1503 1800 literatum

238 1858 269 1906 et
301 1843 521 1905 Sthanlronem
554 1841 681 1905 fabrum
713 1843 841 1904 racione
882 1842 1049 1904 cuiusdam
1086 1844 1324 1906 vulneracionis
1359 1844 1504 1906 mulieris

238 1950 337 2032 ipsius
361 1949 486 2010 Nicolai
513 1949 628 2010 literati
653 1968 710 2031 per
739 1950 843 2031 ipsum
878 1949 1077 2010 Stankonem
1110 1948 1237 2028 luctam,
1263 1950 1379 2028 taliter,
1411 1950 1501 2032 quod

237 2055 379 2139 prelatus
404 2055 525 2117 Stanlto
550 2055 655 2137 primo
681 2068 711 2116 et
736 2055 955 2137 principaliter
980 2056 1077 2117 debet
1101 2056 1225 2117 solvere
1250 2055 1378 2118 medico
1403 2057 1505 2138 ipsius

238 2162 393 2239 mulieris,
431 2161 477 2222 illi
514 2175 621 2221 autem
653 2160 781 2221 mulieri
815 2162 928 2242 viginti
961 2163 1105 2243 quinque
1137 2182 1252 2244 pensas
1284 2162 1503 2240 denariorum,

238 2269 383 2350 quinque
408 2281 516 2328 autem
543 2286 658 2348 pensas
681 2264 809 2346 juratis;
843 2267 882 2327 dc
915 2287 980 2347 quo
1005 2268 1126 2348 judicio
1158 2267 1336 2349 juratorum
1361 2267 1503 2351 prefatus

239 2376 360 2437 Stanko
385 2392 450 2434 non
475 2384 645 2434 contentus
669 2373 844 2454 appellavit
867 2373 906 2433 ad
931 2374 1074 2434 seniores
1097 2372 1230 2454 judices.

345 2478 424 2540 Item
448 2478 541 2559 jurati
560 2478 827 2559 adjudicaverunt
850 2498 978 2539 causam
997 2479 1079 2539 inter
1103 2479 1268 2541 Thomam
1294 2479 1504 2542 Herihowich

238 2602 269 2648 et
292 2587 502 2648 Valentinum
526 2600 681 2646 sartorem
707 2585 834 2645 racione
865 2585 1031 2645 cuiusdam
1056 2585 1159 2664 bovis,
1192 2586 1253 2647 isto
1278 2586 1389 2666 modo,
1414 2588 1503 2668 quod

238 2692 380 2776 prelatus
403 2691 550 2752 Thomas
574 2690 788 2771 juramentum
822 2689 983 2771 deponere
1014 2689 1144 2751 habebit
1175 2705 1289 2752 octavo
1314 2691 1366 2752 die
1390 2692 1423 2752 in
1449 2712 1500 2771 eo,

239 2799 327 2881 quod
352 2799 419 2880 ipse
444 2816 508 2857 non
534 2811 580 2857 est
604 2797 664 2857 sibi
686 2795 866 2877 culpabilis.

345 2904 423 2964 ltem
448 2902 540 2981 jurati
567 2901 832 2981 adjudicaverunt
855 2920 983 2961 causam
1001 2901 1083 2962 inter
1108 2901 1262 2963 Mathiam
1288 2902 1455 2984 waarich
1473 2918 1505 2966 et

240 3010 409 3072 Nicolaum
434 3021 575 3068 sutorem
601 3007 729 3067 racione
753 3006 919 3066 cuiusdam
944 3005 1044 3067 fixure
1069 3026 1124 3067 scu
1150 3008 1291 3069 vulneris
1316 3028 1372 3090 per
1397 3009 1504 3090 ipsum

239 3116 408 3178 Nicolaum
435 3112 519 3189 facti,
545 3114 605 3173 isto
631 3113 741 3190 modo,
767 3112 854 3192 quod
885 3112 989 3193 primo
1022 3114 1089 3192 ipse
1115 3114 1269 3174 Nicolaus
1293 3116 1420 3177 medico
1446 3116 1503 3177 lesi

240 3220 410 3284 satisfaciat
436 3234 465 3280 et
490 3219 548 3299 ipsi
574 3218 641 3278 leso
666 3217 778 3296 viginti
805 3216 948 3297 quinque
973 3237 1087 3297 pensas
1115 3218 1334 3300 denariorum,
1359 3222 1503 3301 quinque

241 3347 316 3388 vero
340 3345 455 3408 pensas
479 3323 598 3402 juratis.

347 3432 425 3492 Item
451 3429 542 3509 jurati
568 3427 801 3488 constituerunt
830 3426 911 3485 inter
935 3425 1105 3487 Nicolaum
1138 3428 1299 3489 medicum
1325 3444 1355 3490 et
1379 3431 1500 3512 Dyoni·

240 3543 335 3618 sium,
367 3537 454 3618 quod
481 3533 618 3595 Michael
651 3532 857 3608 baccalarius,
885 3530 1031 3590 Thomas
1057 3531 1190 3593 Cheden
1223 3548 1254 3595 et
1278 3536 1357 3595 Pero
1383 3534 1501 3599 faciant

239 3647 402 3709 racionem
427 3643 509 3702 inter
533 3639 664 3700 eosdem
688 3656 747 3719 pro
773 3636 966 3717 quibusdam
993 3636 1117 3698 debitis

345 3751 422 3811 ltem
448 3747 499 3807 hic
523 3744 582 3805 luit
606 3742 796 3803 secundario
821 3754 851 3800 et
875 3741 973 3800 tercio
995 3742 1227 3820 proclamatum
1253 3764 1349 3824 super
1373 3745 1500 3806 vineam

241 3857 394 3920 Johannis
418 3851 547 3913 sartoris
571 3845 786 3908 Philchewich
817 3845 905 3920 dicti,
930 3845 953 3903 si
980 3845 1096 3924 aliquis
1121 3846 1250 3907 haberet
1275 3869 1370 3929 super
1386 3851 1500 3911 eadem

240 3965 333 4026 vinea
358 3961 425 4039 jura
449 3971 479 4018 et
504 3953 637 4016 literalia
658 3953 878 4026 instrumenta,
904 3969 940 4010 ea
962 3968 1069 4009 coram
1089 3951 1180 4011 nobis
1205 3952 1433 4033 producentur,
1452 3956 1500 4015 sin

241 4084 348 4132 autem
375 4085 451 4142 non,
475 4082 533 4123 nos
558 4059 648 4119 uxori
674 4076 729 4116 sue
755 4054 905 4115 volumus
930 4053 1005 4113 dare
1035 4068 1140 4114 nostra
1166 4055 1244 4134 jura.

348 4174 424 4234 ltem
462 4169 511 4229 hic
548 4164 607 4225 fuit
639 4161 785 4223 tertiario
819 4158 1050 4240 proclamatum
1087 4178 1181 4239 super
1212 4161 1339 4222 vineam
1372 4165 1501 4227 Andrce

242 4279 412 4345 Zwlichicz
437 4276 490 4353 ita,
515 4285 549 4333 ut
572 4271 597 4330 si
622 4268 694 4349 quis
719 4265 780 4325 alia
805 4263 872 4342 jura
905 4282 999 4342 super
1025 4263 1136 4323 eadem
1161 4264 1252 4324 vinca
1278 4266 1418 4345 haberet,
1448 4289 1501 4331 co·

243 4408 309 4451 ram
334 4384 427 4448 nobis
451 4379 652 4463 specietenus
676 4373 919 4433 demonstraret.

348 4493 425 4553 Item
451 4487 595 4550 Thomas
620 4482 745 4562 Glazyn
770 4490 880 4537 contra
902 4472 1101 4553 Stephanum
1125 4488 1264 4535 sutorem
1291 4480 1432 4540 secundo
1458 4482 1499 4542 ci-

241 4616 326 4667 tatus
350 4619 413 4662 non
439 4592 629 4676 comparuit.

349 4707 425 4768 ltem
459 4701 577 4763 Paulus
609 4695 735 4757 ltalicus
767 4688 917 4749 citaverat
951 4681 1149 4763 Stephanum
1182 4683 1338 4767 juratum,
1370 4704 1401 4751 et
1432 4692 1500 4774 ipse

245 4817 363 4886 Paulus
387 4811 514 4877 ltalicus
538 4823 602 4871 non
626 4798 713 4865 veuit
735 4794 774 4861 ad
798 4788 966 4877 judicium.
