3488 5272
240 359 278 419 52
636 341 722 397 Arana
745 352 833 417 1453.
860 373 898 382 -
923 350 972 414 27.
997 340 1110 413 apriles.

238 570 287 628 e0,
300 564 334 610 ut
348 551 414 632 ipsa
428 562 556 611 centum
573 562 605 611 et
620 549 649 609 X
666 548 787 610 solidos
805 550 903 632 ipsius
920 549 1081 613 Valentini
1101 547 1180 609 fabri
1198 567 1262 609 non
1280 547 1497 627 subtraxisset,

237 656 292 717 sed
317 657 349 717 in
374 656 464 718 totali
497 656 628 718 accione
661 670 691 716 et
722 657 938 737 acquisicione
971 657 1070 739 ipsius
1101 654 1263 717 Valentini
1289 653 1370 716 fabri
1404 653 1496 716 inno·

236 782 310 824 cens
334 761 449 845 (esset).

343 869 421 930 ltem
445 868 520 951 quia
545 867 659 931 Gallus
683 867 767 930 filius
791 870 929 931 condam
958 867 1107 950 Gregorii
1133 866 1334 949 carpentarii,
1358 865 1500 929 concivis

237 991 354 1054 noster,
380 976 412 1037 id
437 995 509 1037 cum
534 973 704 1037 sufficienti
729 990 759 1037 et
790 974 954 1057 fidedigno
986 988 1170 1037 nostrorum
1204 973 1385 1035 concivium
1414 973 1501 1036 testi·

237 1083 348 1144 monio
374 1083 505 1144 insede
530 1096 637 1144 nostra
666 1081 833 1162 judiciaria
865 1081 948 1143 clare
981 1081 1076 1143 hodie
1102 1081 1133 1142 in
1158 1100 1294 1162 persona
1327 1081 1428 1142 Elene
1452 1100 1500 1143 re·

236 1190 310 1251 licte
335 1204 366 1251 et
390 1190 476 1250 Luce
501 1209 536 1250 ac
555 1187 703 1269 Gregorii
722 1187 862 1250 filiorum
888 1203 918 1250 et
936 1189 1069 1269 Agnetis
1087 1187 1151 1249 filie
1169 1188 1307 1249 condam
1332 1186 1500 1250 Michaelis

236 1296 353 1358 sutoris
377 1315 484 1357 coram
509 1295 602 1356 nobis
627 1295 859 1376 comprobavit,
877 1294 964 1376 quod
990 1295 1068 1355 dum
1085 1293 1226 1376 prefatus
1250 1294 1387 1357 Michael
1413 1309 1502 1356 sutor

237 1401 341 1464 adhuc
366 1403 396 1463 in
422 1402 483 1463 hoc
507 1402 616 1463 seculo
646 1401 815 1483 temporali
849 1402 988 1479 vixisset,
1013 1414 1087 1462 tunc
1121 1401 1187 1484 ipse
1213 1402 1276 1462 vita
1300 1401 1360 1462 sibi
1385 1401 1501 1463 comite

237 1508 443 1570 medietatem
469 1507 634 1569 cuiusdam
654 1508 747 1569 vinee
766 1508 796 1569 in
824 1509 984 1569 territorio
1001 1508 1137 1570 civitatis
1154 1507 1296 1590 predicte
1322 1506 1408 1587 juxta
1425 1527 1500 1569 con·

236 1628 322 1676 tenta
341 1614 504 1676 literarum
523 1613 774 1696 privilegialium
791 1614 964 1696 superinde
981 1612 1211 1692 confectarum,
1235 1635 1252 1675 a
1278 1615 1346 1676 viro
1363 1613 1500 1675 condam

237 1721 373 1803 provido
399 1720 563 1802 Stephano
587 1720 673 1781 dicto
707 1720 962 1803 Skerchkowych
996 1741 1106 1783 socero
1131 1740 1189 1782 suo
1214 1740 1271 1802 pro
1297 1734 1380 1781 certa
1405 1740 1501 1803 pecu·

238 1827 363 1888 uiarum
389 1826 565 1907 quantitate
591 1827 719 1887 emisset
751 1841 781 1888 et
813 1826 984 1909 superinde
1018 1827 1103 1888 idem
1130 1826 1265 1889 Michael
1291 1841 1380 1888 sutor
1406 1846 1502 1908 super

238 1934 349 1995 eadem
383 1933 554 1995 medietate
586 1935 678 1994 vinee
710 1932 818 1995 literas
850 1933 1065 2015 privilegiales
1096 1954 1111 1994 a
1147 1933 1240 1995 nobis
1264 1952 1362 1994 seua
1395 1931 1501 2013 judice

240 2040 326 2101 illius
349 2040 505 2122 temporis
529 2038 692 2101 conficiet
717 2040 858 2100 emanari
876 2059 912 2100 ac
929 2040 1092 2121 procurari
1118 2059 1182 2101 non
1210 2038 1345 2117 fecisset,
1363 2038 1502 2120 ideoque

240 2166 299 2207 nos
331 2146 466 2206 eandem
500 2146 704 2207 medietatem
731 2146 829 2227 ipsius
862 2146 953 2207 vinee
986 2147 1136 2226 predictis
1168 2146 1277 2208 relicte
1311 2160 1341 2207 et
1369 2144 1442 2207 filiis
1466 2165 1502 2207 ac

239 2252 303 2313 filie
329 2253 428 2334 ipsius
453 2252 620 2314 Michaelis
644 2254 760 2314 sutoris
778 2252 846 2332 jure
866 2252 1059 2314 hereditario
1085 2253 1161 2334 ipsis
1178 2252 1378 2314 incumbenti
1403 2251 1503 2314 literis

239 2359 354 2419 nostris
389 2359 643 2439 privilegialibus
679 2359 770 2419 novis
811 2359 979 2420 statuimus
1014 2374 1170 2441 perpetuo
1206 2358 1436 2442 possidendam
1472 2373 1502 2420 et

239 2465 546 2547 quomodocumque
571 2465 732 2527 voluerint
757 2466 1002 2547 disponendam.

345 2572 421 2633 ltem
442 2571 618 2653 Gregorius
636 2572 780 2633 Percerta
798 2572 901 2633 dictus
919 2586 1028 2633 contra
1047 2570 1224 2652 Georgium
1246 2571 1347 2633 filium
1365 2571 1502 2633 condam

240 2678 404 2740 Benedicti
428 2678 499 2739 ruffi
524 2678 666 2739 secundo
691 2679 805 2739 citatus
829 2699 892 2739 non
919 2679 1107 2759 comparuit.

345 2784 422 2846 ltem
448 2784 614 2845 Emericus
639 2784 749 2845 Skerta
782 2797 892 2845 contra
927 2785 1131 2845 Franciscum
1164 2798 1304 2846 sutorem
1340 2786 1371 2847 in
1398 2785 1502 2867 primo

242 2891 362 2971 judicio
387 2891 531 2972 proxime
556 2892 735 2951 occurrenti
760 2893 921 2951 tenebitur
946 2891 1149 2973 respondere.

278 3110 373 3184 Feria
402 3120 499 3182 sexta
528 3114 681 3199 proxima
711 3120 789 3199 post
817 3112 939 3182 lestum
968 3114 1077 3182 sancti
1108 3112 1213 3184 llarci
1244 3114 1466 3200 evangeliste.

760 3264 825 3341 (27.
849 3264 980 3345 aprilis).

348 3407 424 3467 ltem
452 3406 628 3486 Gregorius
653 3406 778 3466 institor
803 3421 913 3466 contra
940 3406 1081 3467 blasium
1109 3407 1314 3489 Kurmanvch
1342 3408 1371 3468 iu
1398 3408 1504 3489 primo

243 3513 362 3589 iudicio
387 3513 532 3593 proxime
557 3513 735 3572 occurrenti
762 3513 921 3573 tenebitur
947 3514 1150 3593 respondere.

348 3619 424 3680 ltem
451 3620 536 3679 idem
556 3619 731 3700 Gregorius
750 3619 875 3680 institor
898 3620 1115 3701 Wrecharych
1135 3620 1237 3681 dictus
1263 3621 1293 3681 in
1312 3642 1404 3681 causa
1424 3620 1505 3682 inter

244 3727 347 3807 ipsum
374 3740 404 3786 ct
431 3727 512 3786 inter
532 3726 731 3787 Demetrium
757 3744 896 3786 rasorem
914 3745 1094 3807 pannorum
1113 3727 1231 3805 habita,
1249 3748 1306 3809 pro
1331 3748 1407 3809 pace
1427 3728 1507 3788 inter

242 3832 327 3912 ipsos
362 3831 477 3909 fienda,
513 3852 575 3912 que
611 3847 657 3892 est
688 3833 727 3893 ad
754 3833 892 3914 primum
925 3832 1079 3909 judicium
1114 3848 1294 3915 prorogata,
1326 3834 1356 3894 in
1391 3834 1505 3895 eodem

242 3938 347 4018 primo
373 3937 492 4015 judicio
518 3938 612 3999 debet
637 3937 760 4015 justicie
785 3952 897 3999 astare.

347 4042 424 4103 ltem
450 4043 564 4121 jurabit
579 4044 739 4104 lohannes
764 4044 894 4122 juratus,
915 4060 1025 4123 sartor,
1045 4046 1144 4106 tercio
1168 4066 1201 4107 se
1225 4047 1370 4127 personis
1390 4059 1505 4108 octavo

242 4150 293 4211 die
319 4170 413 4231 super
438 4171 523 4212 arum
558 4165 666 4212 contra
693 4152 898 4213 Valentinum
922 4154 1134 4231 tributarium,
1153 4155 1294 4215 vicinum
1319 4174 1425 4231 suum,
1451 4175 1507 4237 per

243 4256 520 4333 adjudicucionem
554 4257 729 4336 juraturum
754 4278 849 4339 super
882 4279 931 4335 eu,
965 4274 997 4320 ut
1024 4261 1089 4341 ipse
1115 4280 1174 4322 nec
1206 4276 1292 4322 catos
1318 4282 1375 4322 nec
1399 4263 1507 4344 pullos

243 4364 342 4445 ipsius
367 4362 527 4423 Valentini
553 4383 616 4425 nou
644 4364 811 4441 interiecit,
846 4386 903 4426 nec
936 4366 967 4426 in
996 4385 1070 4427 usus
1093 4387 1168 4428 suos
1201 4369 1369 4444 convertit,
1393 4368 1449 4428 sed
1474 4369 1505 4429 in

242 4469 331 4530 totali
351 4470 481 4529 accione
495 4485 525 4531 et
540 4470 757 4551 acquisicione
777 4472 875 4551 ipsius
894 4472 1055 4533 Valentini
1074 4474 1114 4534 sit
1131 4474 1285 4535 innocens
1303 4488 1333 4535 et
1347 4475 1505 4536 innoxius.

348 4575 424 4636 ltem
450 4575 541 4655 jurati
567 4576 792 4654 adjudicarunt
817 4597 945 4639 causam
971 4579 1002 4640 in
1037 4578 1120 4641 lacto
1152 4594 1308 4642 terrarum
1334 4594 1365 4642 et
1397 4579 1506 4642 fenilis

242 4680 378 4742 condam
403 4680 532 4744 Thome
558 4682 664 4745 Choni
689 4702 745 4764 per
774 4684 877 4765 ipsum
910 4685 1047 4746 condam
1072 4685 1236 4749 Thomarn
1260 4688 1348 4770 olym
1375 4688 1505 4750 Andree

244 4787 310 4849 Lab
335 4806 393 4870 pro
418 4802 502 4849 certa
526 4789 734 4872 pecuniarum
760 4792 937 4871 quantitate
962 4792 1047 4871 juxta
1068 4805 1214 4855 tenorem
1239 4795 1330 4857 litere
1355 4794 1506 4878 inpigno-
