3488 5272
601 277 688 333 Anno
710 270 802 352 1478.
828 309 870 318 -
892 288 944 335 20.
960 274 1121 351 februan'r‘.

598 484 675 547 ltem
701 484 853 546 Nicolaus
876 503 1039 547 successor
1062 483 1186 547 Halicz.

597 592 675 653 Item
701 591 819 652 Paulus
847 591 970 653 Walas.

598 697 676 760 ltem
701 695 862 777 Georgius
886 695 1067 759 Gliwaricz.

599 804 676 865 Item
702 802 862 884 Georgius
889 816 987 868 sutor.

597 910 675 971 ltem
699 909 844 970 Andreas
867 907 962 971 lrater
982 908 1105 971 domini
1130 909 1294 972 Iohannis.

600 1017 677 1078 Item
701 1016 847 1077 Thomas
870 1015 1056 1079 Francislro.

598 1124 675 1186 ltem
701 1123 864 1203 Pongracz
889 1122 1023 1185 institor.

600 1230 677 1291 ltem
703 1228 869 1291 Emericus
895 1228 1035 1310 sellipar.

599 1337 676 1398 ltem
701 1335 858 1397 Martinus
882 1335 1008 1398 Banicz.

599 1443 676 1504 Item
701 1442 838 1502 Iacobus
864 1440 1040 1504 Becheticz.

597 1549 675 1610 ltem
699 1547 889 1608 Dominicus
912 1560 1011 1610 sutor.

599 1655 676 1717 ltcm
702 1653 826 1715 Blasius
849 1665 948 1716 sutor.

597 1761 676 1822 ltem
701 1759 853 1821 Nicolaus
877 1779 997 1841 sporar.

599 1867 677 1927 Item
703 1866 814 1927 Petrus
839 1865 917 1929 Lah.

434 2102 530 2176 Feria
559 2113 655 2175 sexta
684 2102 836 2192 proxima
864 2111 942 2174 ante
970 2102 1167 2175 dominicam
1196 2102 1299 2176 Oculi.

740 2259 802 2333 (20.
819 2257 996 2333 februarii).

346 2400 421 2462 Item
448 2418 541 2460 causa
567 2400 647 2458 inter
674 2397 842 2457 dominum
869 2395 1069 2457 Demetrium
1103 2410 1134 2458 et
1159 2395 1311 2458 Mathiam
1338 2397 1499 2479 Spilusicz

241 2506 369 2567 racione
395 2504 534 2584 terragii,
561 2504 626 2584 ipse
652 2503 803 2563 dominus
837 2502 1020 2563 Demetrius
1052 2500 1147 2563 habet
1179 2502 1281 2582 jurare
1305 2522 1401 2585 super
1424 2523 1501 2565 con·

239 2611 408 2673 scienciam
434 2629 524 2669 suam
549 2608 659 2690 positis
684 2609 832 2668 manibus
854 2627 949 2689 super
970 2621 1080 2688 pectus
1103 2607 1191 2689 quod
1209 2609 1313 2670 eidem
1338 2609 1503 2691 obligatur

240 2717 422 2796 terragium,
448 2715 523 2775 feria
550 2730 634 2775 sexta
661 2715 803 2794 proxima
828 2728 900 2795 post
928 2727 1054 2775 octavas
1072 2715 1331 2776 Resurrectionis
1356 2715 1502 2779 Domini.

346 2822 423 2882 Item
449 2841 542 2881 causa
574 2821 654 2880 inter
680 2820 820 2880 Blasium
853 2821 1046 2881 Necessenilr
1079 2834 1110 2880 et
1134 2820 1334 2882 Demetrium
1358 2836 1501 2884 sutorem

241 2929 368 2989 racione
382 2928 543 3008 vituperii,
562 2928 627 3008 ipse
648 2927 828 2986 Demetrius
843 2927 881 2986 ad
896 2926 1152 3004 jurisdiccionem
1167 2927 1303 2987 civitatis
1316 2928 1501 3010 appellavit.

347 3035 424 3094 ltenr
461 3054 552 3094 causa
587 3034 667 3093 inter
704 3032 904 3093 Anthonium
941 3048 971 3093 et
1007 3033 1148 3093 Blasium
1184 3048 1336 3095 sartorem
1373 3034 1501 3097 racione

241 3140 454 3219 quarumdam
481 3140 654 3215 literarum,
682 3139 746 3218 ipse
781 3139 904 3198 Blasius
928 3154 1027 3199 sartor
1060 3139 1155 3200 debet
1186 3139 1288 3220 jurare
1314 3138 1390 3201 leria
1414 3156 1502 3203 sexta

242 3260 313 3326 post
338 3259 465 3305 octavas
491 3245 747 3305 liesurreccionis
779 3243 909 3304 Domini
942 3245 1029 3304 solus
1061 3264 1133 3304 cum
1160 3245 1282 3306 nullam
1314 3246 1500 3308 societatem

242 3350 351 3410 hahuit
377 3371 448 3410 cunr
474 3352 649 3431 presbitero
675 3351 765 3431 Elya.

347 3457 423 3517 ltem
449 3477 575 3518 causam
602 3459 682 3518 inter
708 3456 860 3517 hlathiam
883 3456 978 3516 Verin
1014 3471 1043 3517 et
1067 3478 1198 3519 uxorem
1225 3459 1361 3520 condam
1388 3460 1501 3543 Radey

243 3564 334 3640 jurati
360 3562 633 3640 adjudicaverunt,
658 3564 732 3643 quia
757 3565 822 3644 ipsa
841 3582 919 3623 uxor
945 3562 1056 3645 liadey
1074 3565 1172 3625 semel
1198 3566 1374 3626 extradedit
1391 3567 1502 3628 omnia

243 3673 326 3731 bona
351 3688 405 3729 sua
430 3682 460 3729 et
486 3670 610 3747 juravit,
636 3669 723 3749 quod
758 3670 822 3750 ipse
857 3668 992 3729 Mathias
1024 3671 1202 3750 requiratur
1234 3672 1273 3732 de
1298 3674 1391 3732 rebus
1415 3672 1502 3734 illius

243 3778 301 3837 viri
327 3775 386 3837 sui.

350 3882 428 3943 ltem
453 3899 545 3940 causa
578 3880 659 3941 inter
692 3881 855 3942 Thomam
886 3897 1025 3943 sutorem
1060 3897 1090 3943 et
1122 3882 1311 3945 familiarem
1337 3905 1429 3946 suum
1453 3904 1500 3947 ra·

243 3988 334 4046 cione
360 3985 523 4046 cuiusdam
550 3986 622 4065 equi
650 3986 740 4061 jurati
763 3987 1035 4065 adjudicaverunt,
1054 3990 1140 4069 quod
1160 3990 1225 4071 ipse
1244 3991 1388 4052 Thomas
1405 3990 1500 4052 habet

246 4093 349 4171 jurate
374 4093 460 4152 solus
485 4105 555 4173 post
579 4106 705 4152 octavas
731 4093 988 4155 llesurrechonis
1018 4096 1147 4156 Domini
1173 4117 1267 4177 super
1291 4117 1376 4158 aram
1394 4112 1500 4159 sancte

244 4199 356 4259 Crucis
381 4218 438 4279 pro
463 4198 570 4258 valore
603 4200 675 4279 equi
701 4199 759 4275 sui,
794 4200 860 4280 ipse
892 4199 1032 4261 famulus
1060 4221 1135 4261 suus
1168 4202 1263 4262 habet
1297 4203 1500 4265 medietatem

243 4305 340 4384 precii
359 4305 432 4384 equi
452 4304 538 4364 illius
555 4305 697 4380 solvere3
716 4305 782 4385 ipse
800 4305 838 4365 ad
856 4305 999 4366 seniores
1016 4308 1137 4387 judices
1162 4305 1300 4369 famulus
1317 4310 1500 4390 appellavit.

350 4410 426 4471 ltem
451 4430 544 4469 causa
571 4410 650 4470 inter
676 4410 771 4472 Wale
796 4411 834 4470 de
860 4410 991 4471 Tresicz
1016 4428 1045 4473 et
1065 4428 1198 4472 matrem
1224 4414 1377 4474 Iohannis
1395 4415 1500 4476 Soldi-

243 4517 348 4578 naricz
374 4517 500 4577 racione
526 4518 702 4597 empcionis
735 4516 946 4599 quarumdam
981 4538 1085 4578 rerum
1121 4518 1320 4598 furtivarum,
1352 4520 1502 4584 videlicet

243 4625 301 4691 tria
326 4637 407 4684 serta
431 4624 529 4705 vulgo
556 4625 684 4685 bizerna
701 4638 790 4706 parte
815 4640 844 4687 et
861 4624 1075 4707 quorumdam
1092 4626 1263 4686 anulorum
1289 4639 1318 4686 et
1343 4626 1503 4707 munillia,

244 4731 331 4811 quod
357 4730 489 4813 quidam
514 4728 564 4790 fur
588 4730 733 4793 vendidit
756 4729 875 4813 prefate
901 4731 992 4795 matri
1015 4729 1113 4812 ipsius
1136 4731 1290 4793 Iohannis
1313 4728 1440 4813 judicis,
1455 4732 1503 4815 ju·
