3488 5272
587 347 673 403 Anno
698 342 789 423 1462.
815 380 855 388 -
880 358 929 405 10.
954 345 1124 419 septembris.
1435 362 1496 426 235

235 583 332 658 lenia
361 595 458 657 sexta
487 588 640 675 proxima
670 593 746 674 post
783 585 904 656 festum
936 583 1131 657 latinitatis
1169 586 1266 656 beate
1296 586 1400 656 llarie
1429 588 1497 656 vir·

287 709 372 799 ginis
401 708 544 799 gloriose
572 710 610 780 de
639 728 726 780 anno
754 707 884 779 Domini
911 707 1036 780 mcccc
1065 711 1275 797 sexagesimo
1303 711 1445 780 secundo

761 834 969 922 supradicto,

618 1010 682 1084 (10.
707 1006 880 1080 septembris,
904 1025 975 1065 ann.
999 1002 1108 1085 1462).

745 1161 993 1245 (Poststrrptum).

341 1310 484 1383 Quidam
509 1306 729 1370 Christoforus
746 1307 830 1369 iilius
855 1309 949 1368 lanes
970 1307 1009 1369 de
1029 1308 1230 1387 Kramburga
1256 1308 1404 1387 valpotus
1422 1327 1497 1367 vero

235 1417 274 1478 de
301 1415 530 1495 liehemburgh
565 1429 709 1497 repertus
737 1429 768 1476 et
800 1414 1051 1496 comprehensus
1084 1415 1114 1474 in
1140 1414 1306 1475 delacione
1339 1430 1369 1474 et
1394 1428 1497 1494 porta·

234 1524 327 1584 tione
352 1538 383 1583 et
408 1524 602 1583 mercantias
636 1523 803 1583 exercione
837 1521 987 1583 falsarum
1021 1523 1248 1602 peccuniarum
1274 1523 1497 1583 wenecialium

235 1628 385 1690 videlicet
409 1648 593 1709 grossorum
627 1629 658 1688 in
684 1626 754 1690 loro
785 1629 915 1689 annuali
949 1630 1040 1689 beate
1075 1628 1275 1708 Margaretlre
1300 1629 1432 1709 virginis
1467 1630 1497 1689 in

234 1736 318 1797 dieta
344 1735 472 1796 civitate
497 1749 527 1795 et
551 1735 619 1795 eius
643 1735 799 1795 suburbio
824 1735 995 1812 celebrato,
1029 1749 1124 1816 prout
1149 1735 1208 1795 bot
1234 1750 1337 1797 totum
1364 1736 1498 1816 ipsemet

235 1840 434 1903 Cristolorus
458 1840 555 1902 hodie
587 1861 694 1901 coram
729 1841 821 1901 nobis
850 1840 965 1918 judice,
999 1841 1109 1920 juratis
1132 1855 1163 1902 et
1195 1842 1352 1902 universis
1376 1842 1498 1902 civibus

232 1969 268 2010 ac
292 1962 359 2009 tota
376 1949 607 2009 communitate
625 1948 760 2009 civitatis
777 1963 944 2029 prenotate
963 1948 993 2008 in
1011 1949 1152 2028 generali
1178 1964 1208 2009 et
1233 1950 1396 2008 communi
1419 1968 1494 2008 con·

233 2055 427 2136 gregacione
452 2067 557 2114 nostra
576 2069 622 2114 est
646 2052 811 2114 confessus
827 2068 858 2114 et
879 2055 979 2115 eciam
997 2074 1105 2115 coram
1130 2054 1316 2115 hominibus
1340 2055 1379 2116 de
1397 2071 1498 2115 castro

236 2161 373 2238 Mediae,
398 2161 605 2221 dominorum
639 2161 677 2220 de
702 2160 855 2243 Capitulo
888 2162 1097 2242 zagrabiensi,
1130 2161 1169 2221 de
1203 2162 1273 2221 vito
1300 2163 1498 2238 latinorum,

234 2269 273 2328 de
300 2269 390 2329 Nova
416 2267 502 2344 villa,
527 2267 566 2328 de
592 2268 662 2328 vico
687 2267 821 2328 Abbatis
846 2282 875 2327 et
899 2268 972 2328 aliis
998 2269 1245 2350 quampluribus
1263 2269 1498 2329 circumvicinis

235 2389 265 2436 et
290 2375 521 2436 commetaneis
545 2374 731 2435 hominibus
756 2372 856 2435 fassus
883 2389 941 2452 est,
965 2390 995 2435 et
1019 2395 1076 2456 per
1108 2375 1227 2451 juratos
1252 2376 1335 2435 dicte
1361 2376 1499 2436 civitatis

233 2501 291 2563 pro
316 2480 501 2542 huiusmodi
528 2479 695 2541 delacione
727 2481 973 2562 prescriptorum
1008 2479 1158 2541 falsarum
1191 2482 1418 2563 peccuniarum
1443 2483 1496 2542 tali

233 2588 394 2669 supplicio
426 2587 627 2662 adjudicatus
658 2584 727 2664 fuit,
761 2588 849 2667 quod
883 2588 949 2668 ipse
983 2586 1203 2650 Christolorus
1235 2589 1339 2669 primo
1371 2603 1401 2649 et
1426 2604 1498 2650 urite

233 2695 343 2755 omnia
368 2694 464 2754 debet
482 2694 573 2772 ligari
600 2714 617 2753 a
642 2707 732 2774 tergo
750 2695 899 2754 manibus
923 2695 981 2754 sub
1007 2694 1120 2754 eculeo
1138 2695 1220 2755 dicte
1236 2695 1372 2755 civitatis
1389 2696 1497 2776 ibique

235 2800 343 2879 ignitis
368 2800 444 2881 ipsis
476 2798 563 2859 falsis
596 2801 758 2880 peccuniis
791 2821 826 2860 ex
863 2814 996 2880 utraque
1029 2815 1117 2882 parte
1147 2802 1177 2861 in
1211 2800 1349 2861 maxillis
1372 2803 1436 2862 suis
1468 2817 1498 2863 et

235 2906 314 2967 fatie
340 2907 471 2967 cremari
492 2920 522 2966 et
546 2906 675 2966 tandem
701 2927 757 2987 ρετ
774 2907 895 2988 plateas
919 2907 1003 2966 dicte
1022 2907 1156 2967 civitatis
1173 2928 1229 2988 per
1252 2921 1406 2968 tortorem
1425 2908 1496 2968 duci

234 3028 264 3074 et
290 3013 480 3094 proclamari
498 3033 591 3073 suum
618 3013 770 3074 delictum
797 3029 827 3073 et
848 3028 934 3073 extra
951 3013 1113 3073 civitatem
1139 3015 1314 3094 predictam
1333 3014 1372 3074 ad
1391 3013 1497 3075 locum

235 3119 384 3201 supplicii
411 3119 580 3179 Zredisthe
606 3119 725 3179 dictum
752 3119 867 3179 adduci
893 3133 921 3178 et
948 3120 1067 3179 ibidem
1088 3119 1169 3198 ignis
1195 3120 1345 3179 incendio
1370 3140 1497 3181 contre·

237 3228 315 3287 mari
341 3226 522 3299 debuisset;
556 3226 753 3306 quequidem
787 3227 905 3306 ignitio
935 3240 965 3286 et
998 3227 1156 3286 crematio
1181 3247 1253 3286 cum
1287 3226 1379 3286 dictis
1413 3227 1499 3287 l‘alsis

236 3333 399 3414 peccuniis
424 3348 454 3393 et
480 3333 544 3413 ipsa
572 3332 727 3393 deductio
753 3353 807 3413 per
837 3334 957 3414 plateas
982 3334 1080 3414 ipsius
1112 3334 1248 3394 civitatis
1286 3347 1317 3394 et
1340 3333 1498 3394 adductio

236 3439 274 3499 ad
301 3439 408 3500 locum
434 3438 612 3519 predictum
630 3439 778 3520 supplicii
804 3459 860 3520 per
881 3440 984 3520 ipsum
1003 3453 1155 3500 tortorem
1176 3438 1255 3500 lacta
1282 3437 1340 3499 luit
1365 3455 1395 3500 et
1412 3460 1498 3500 tom·

236 3546 329 3606 missa
354 3545 407 3605 ubi
434 3545 628 3605 concremari
648 3545 819 3621 debuisset,
845 3560 874 3606 et
893 3565 947 3625 per
966 3546 1051 3626 ipsos
1069 3546 1187 3617 juratos
1205 3546 1308 3606 eidem
1335 3546 1397 3605 tale
1422 3565 1499 3625 sup·

236 3653 367 3733 plitium
394 3652 613 3729 adjudicatum
639 3651 708 3729 luit,
735 3667 841 3713 tamen
866 3652 905 3713 ad
940 3654 1165 3713 instantissime
1190 3668 1219 3713 et
1244 3653 1351 3714 debite
1376 3654 1498 3733 suppli-

236 3759 375 3819 cationis
408 3758 595 3818 instantiam
628 3760 773 3819 omnium
806 3758 1013 3819 dominorum
1047 3759 1085 3819 de
1119 3760 1272 3840 Capitulo
1302 3761 1497 3840 zagrabiensi

237 3885 293 3925 nec
319 3885 382 3926 oon
410 3865 633 3944 religiosorum
660 3866 801 3925 virorum
821 3865 969 3925 videlicet
993 3864 1122 3925 fratrum
1144 3867 1380 3927 lleremiturum
1399 3867 1497 3925 sancti

238 3972 328 4032 Pauli
354 3972 447 4053 primi
474 3972 627 4032 heremite
652 3972 691 4032 de
717 3973 939 4052 promontorio
965 3973 1163 4051 zagrabieosi
1189 3988 1219 4032 et
1244 3988 1369 4054 patrum
1397 3973 1498 4032 ntino-

237 4097 306 4138 rum
332 4079 429 4138 sancti
451 4078 620 4153 [trane-isti,
646 4078 884 4140 l'redicatorum
910 4079 1009 4138 sancti
1029 4079 1152 4138 Nicolai
1179 4079 1434 4157 zograbiensium
1460 4099 1499 4137 ue

238 4183 421 4245 huiusmodi
449 4200 583 4244 mortem
609 4185 673 4264 pati
693 4198 723 4244 et
747 4185 852 4244 subire
877 4184 1018 4259 deberet,
1040 4204 1097 4265 pro
1114 4185 1227 4244 eodem
1255 4185 1348 4244 nobis
1373 4184 1451 4244 lacta
1470 4200 1499 4245 et

237 4290 343 4351 oblata
362 4289 481 4365 luisset,
501 4291 573 4351 ideo
592 4310 650 4350 nos
667 4305 732 4350 tota
747 4291 1091 4351 communitastivium
1106 4292 1188 4350 dicte
1206 4291 1352 4365 civitatis,
1367 4311 1498 4351 necnon

238 4395 331 4470 judex
357 4396 542 4472 modernus,
560 4396 717 4477 iuratique
751 4397 833 4457 dicte
866 4398 1013 4473 civitatis,
1038 4398 1132 4457 simul
1169 4398 1198 4456 io
1226 4416 1324 4457 unum
1358 4398 1446 4457 dives
1470 4413 1499 4458 et

236 4521 367 4584 pauper,
390 4503 604 4583 petitionibus
628 4518 658 4563 et
683 4518 839 4563 certarum
866 4504 1068 4563 dominarum
1088 4503 1170 4562 dicte
1188 4504 1324 4564 civitatis
1341 4518 1370 4564 et
1388 4524 1499 4584 quam·

237 4608 377 4689 plurium
395 4609 552 4669 nobilium
566 4628 622 4690 pro
641 4610 756 4670 eodem
767 4608 969 4671 Christol'oro
984 4610 1339 4685 interveniente,eidem
1357 4610 1500 4671 Christo·

238 4713 308 4774 loro
325 4715 463 4795 graciam
489 4730 519 4776 et
537 4715 788 4776 misericordiam
814 4715 948 4776 lecimus
972 4716 1075 4777 taliter
1094 4731 1123 4776 et
1141 4715 1223 4777 adeo
1242 4716 1387 4793 iacimus,
1411 4716 1499 4798 quod

238 4819 305 4905 ipse
318 4818 539 4885 Christot‘orus
555 4822 684 4886 racione
706 4822 790 4885 dicte
808 4823 1017 4901 detentionis,
1031 4841 1178 4907 peneque
1196 4838 1225 4885 et
1238 4824 1387 4907 supplicii
1401 4844 1498 4907 quam
