3488 5272
241 284 306 345 490
608 271 693 325 Anno
719 265 811 342 [480.
838 303 880 312 —
904 287 953 349 14.
974 273 1129 346 junuarii.

243 480 416 541 Martinum
440 501 476 542 ac
509 481 685 562 Symonem
717 481 834 542 Banicz
867 482 969 543 dictos
1006 483 1036 543 in
1070 484 1267 565 presenciam
1300 485 1443 565 judicum
1478 500 1510 547 et

242 588 484 649 communitatis
508 587 715 669 appellatam,
747 586 860 670 prelati
894 589 1051 650 Martinus
1087 604 1117 651 et
1149 591 1271 673 Symon
1297 592 1415 653 Banicz
1441 613 1508 655 non

242 706 500 774 comparuerunt.

347 798 425 860 Item
451 800 482 860 in
508 819 600 860 causa
632 799 713 860 inter
737 799 946 862 Dominicum
970 799 1072 863 lilium
1097 802 1271 865 Valentecz
1298 803 1450 866 Saronicz
1475 821 1508 867 et

242 902 361 965 Lucam
395 905 542 966 Ribaricz
576 925 633 988 pro
665 905 859 986 quibusdam
892 907 996 967 bobus
1037 907 1118 969 inter
1158 907 1290 970 eosdem
1324 909 1440 972 habitis
1472 912 1505 972 in

241 1010 377 1090 lucrum,
401 1032 483 1092 quos
508 1013 632 1073 violens
657 1031 770 1073 manus
797 1013 915 1094 recepit
939 1027 1025 1076 extra
1047 1015 1202 1077 terminos
1226 1017 1315 1096 regni
1341 1016 1507 1098 Hungarie

241 1136 339 1198 prope
365 1118 509 1196 Bresecz,
533 1138 590 1200 pro
616 1119 734 1199 quibus
767 1116 908 1201 prelatus
941 1120 1043 1181 Lucas
1075 1121 1165 1199 dixit,
1189 1122 1277 1202 quod
1303 1122 1369 1204 ipse
1394 1123 1508 1185 Domi·

241 1223 329 1284 nicus
354 1223 416 1284 lide
453 1225 614 1286 mediante
647 1239 870 1306 assumpserat,
903 1225 991 1305 quod
1025 1226 1092 1307 ipse
1130 1227 1233 1289 Lucas
1266 1247 1331 1289 nou
1363 1229 1508 1311 pacietur

240 1329 416 1412 dampnum
442 1333 473 1391 in
500 1331 650 1413 predictis
667 1332 762 1391 rebus
786 1331 862 1409 suis,
887 1331 974 1412 quod
994 1333 1183 1395 Dominicus
1201 1338 1339 1415 negabat
1363 1355 1508 1398 asserens

240 1456 304 1497 non
329 1457 361 1497 se
386 1438 580 1519 promisisse,
604 1458 699 1518 super
723 1457 788 1518 quo
814 1437 955 1520 prelatus
982 1440 1085 1500 Lucas
1108 1459 1180 1501 cum
1199 1460 1256 1502 sua
1281 1444 1366 1504 bona
1390 1442 1506 1504 volun-

239 1557 300 1604 tate
327 1559 441 1624 sponte
466 1545 596 1626 proprio
622 1563 675 1605 ore
701 1544 779 1604 dixit
818 1544 906 1625 quod
932 1543 1073 1626 prefatus
1098 1546 1288 1608 Dominicus
1313 1548 1427 1611 debeat
1451 1549 1506 1610 de-

239 1670 358 1731 ponere
383 1651 598 1728 juramentum
624 1651 789 1732 corporale
814 1670 909 1732 super
936 1670 984 1727 eo,
1018 1652 1106 1733 quod
1132 1653 1199 1734 ipse
1225 1653 1416 1716 Dominicus
1440 1675 1505 1717 non

239 1757 460 1836 compromisit
485 1756 546 1817 fide
565 1757 726 1817 mediante
745 1757 915 1837 premissa;
937 1758 1025 1837 quod
1043 1757 1259 1837 juramentum
1285 1759 1380 1821 debet
1405 1761 1506 1843 depo·

239 1883 313 1923 nere
338 1862 414 1924 feria
439 1877 524 1924 sexta
549 1864 693 1944 proxime
719 1879 851 1922 ventura
884 1877 914 1923 et
938 1861 990 1923 liet
1015 1864 1095 1924 liber
1128 1879 1157 1925 et
1183 1866 1350 1946 expeditus
1375 1867 1406 1927 in
1433 1887 1504 1928 om·

240 1971 333 2030 nibus
358 1972 485 2031 racione
510 1971 725 2051 predictorum
753 1971 882 2030 bovum.

346 2078 421 2138 Item
448 2077 533 2137 idem
560 2078 661 2137 Lucas
694 2075 794 2136 lassus
826 2088 882 2153 est,
914 2076 1002 2156 quod
1035 2075 1173 2137 dedisset
1206 2096 1313 2138 coram
1339 2078 1445 2158 judice
1469 2094 1501 2141 et

238 2185 309 2245 aliis
322 2184 429 2265 probis
455 2184 529 2243 viris
545 2183 649 2243 eidem
662 2182 833 2242 Dominico
851 2182 979 2262 plenam
995 2181 1177 2243 facultatem
1195 2181 1262 2262 jure
1281 2184 1499 2265 prosequendi

241 2291 402 2351 racionem
418 2290 575 2350 dictorum
591 2290 701 2364 boum,
719 2302 772 2348 aut
796 2288 942 2368 perderet
958 2301 1013 2348 aut
1030 2287 1165 2348 lucraret
1182 2288 1290 2348 omnia
1305 2288 1370 2370 pati
1395 2289 1503 2352 vellet.

343 2396 418 2457 ltem
438 2395 577 2477 prelatus
596 2396 697 2455 Lucas
715 2395 862 2454 Ribaricz
879 2394 1078 2475 proponebat
1096 2394 1121 2453 si
1139 2408 1247 2474 posset
1268 2394 1390 2474 aliquid
1408 2414 1503 2476 agere

238 2516 268 2563 et
292 2503 331 2563 de
356 2503 505 2582 predictis
530 2503 633 2561 bobus
666 2501 818 2562 rehabere
855 2500 893 2559 de
927 2500 983 2560 illo
1017 2519 1088 2561 cum
1114 2519 1179 2580 quo
1213 2499 1395 2562 habuerunt
1420 2501 1503 2579 lites,

237 2624 312 2670 tunc
338 2609 477 2690 prelatus
504 2609 692 2669 Dominicus
716 2608 811 2668 debet
836 2606 925 2667 fateri
951 2606 1038 2686 quod
1065 2606 1151 2666 idem
1178 2606 1281 2666 Lucas
1306 2605 1365 2668 luit
1390 2627 1503 2669 conso-

238 2717 303 2776 cius
329 2718 359 2776 in
386 2717 504 2776 eisrlem
532 2716 634 2774 bobus
660 2715 689 2774 in
717 2715 893 2793 dampnum
918 2727 948 2773 et
974 2713 1005 2773 in
1031 2713 1167 2774 lucrum.

343 2824 420 2882 ltem
446 2824 476 2882 in
503 2841 595 2881 causa
629 2822 709 2880 inter
743 2820 877 2880 Paulum
911 2817 1108 2879 aurifabrum
1142 2833 1172 2879 et
1197 2819 1381 2879 Mattianum
1408 2819 1503 2910 jurati¹

237 2928 513 3006 adjudicaverunt,
538 2929 625 3008 quod
653 2929 819 2988 Maxianus
844 2927 960 3007 jurabit
978 2945 1072 3005 super
1097 2946 1147 3001 eo,
1173 2926 1260 3005 quod
1285 2928 1405 3007 absque
1422 2927 1502 2988 scito

237 3056 295 3094 suo
321 3051 349 3094 ct
375 3036 430 3095 lilii
455 3037 501 3095 sui
529 3035 625 3094 nichil
644 3034 840 3114 comparavit
854 3052 958 3112 neque
978 3031 1051 3092 lecit
1075 3033 1133 3091 sibi
1161 3032 1292 3113 aliquod
1312 3033 1502 3112 dampnum,

238 3156 266 3200 et
293 3142 407 3212 iurabit
433 3142 509 3201 leria
534 3157 619 3201 sexta
646 3142 789 3221 proxime
815 3155 959 3200 ventura.

344 3249 419 3307 ltem
448 3250 476 3307 in
503 3269 595 3307 causa
622 3249 702 3307 inter
728 3247 871 3307 Fermela
898 3261 928 3306 et
959 3245 1159 3305 Clementem
1198 3245 1385 3326 jobagiones
1410 3246 1499 3306 Pauli

238 3352 386 3413 aurifabri
413 3370 441 3413 et
467 3355 620 3414 lobannis
646 3353 794 3412 Soldinar
816 3353 906 3430 jurati
942 3351 1216 3427 adjudicaverunt,
1242 3352 1328 3430 quod
1347 3351 1500 3413 Clemens

238 3461 418 3521 mettercius
443 3462 558 3538 jurabit
584 3461 658 3519 leria
684 3474 768 3519 sexta
796 3459 938 3538 proxime
973 3471 1116 3533 ventura,
1143 3458 1230 3536 quod
1256 3459 1322 3538 ipse
1348 3458 1500 3518 Clemens

239 3588 302 3628 non
328 3569 427 3627 aravit
459 3568 539 3626 circa
572 3583 687 3626 terram
720 3584 808 3624 suam
836 3579 865 3623 et
898 3584 1001 3643 neque
1040 3564 1122 3621 viam
1157 3582 1362 3623 communem
1395 3585 1500 3646 neque

239 3677 380 3756 aliquam
405 3689 540 3745 metam3
566 3689 595 3733 et
621 3674 696 3732 dum
717 3673 856 3751 deponet
877 3671 1092 3749 juramentum
1111 3684 1185 3729 tunc
1206 3670 1349 3730 Fermela
1376 3670 1408 3730 fit
1426 3691 1499 3731 con-

238 3782 339 3842 victus
365 3783 394 3841 in
420 3781 567 3863 potencia
594 3794 623 3839 et
649 3779 823 3859 predictam
850 3796 975 3837 causam
1004 3777 1068 3856 ipse
1097 3776 1241 3836 l'ermcla
1269 3777 1444 3856 appellavit
1469 3778 1500 3837 in

238 3889 436 3968 presenciam
462 3886 623 3947 seniorum
644 3885 784 3960 judicum
811 3884 849 3943 ad
869 3898 1017 3943 octavum
1045 3883 1130 3942 diem
1157 3883 1301 3962 proxime
1320 3898 1500 3945 venturum.

345 3996 421 4055 ltem
449 3997 477 4054 in
505 4013 596 4055 causa
624 3993 703 4052 inter
737 3992 871 4050 l'aulum
906 3989 1102 4049 aurilabrum
1129 4005 1158 4050 et
1192 3989 1369 4049 lohanncm
1397 3990 1502 4050 Soldi·

239 4104 343 4163 naricz
369 4102 495 4162 racione
520 4098 740 4161 translacionis
773 4112 803 4155 et
835 4095 1034 4176 accepcionis
1067 4096 1232 4155 cuiusdam
1265 4096 1446 4173 jobagionis
1471 4097 1501 4156 in

238 4224 342 4285 nocte,
361 4208 508 4288 quitquid
529 4209 558 4266 in
587 4221 677 4267 noete
696 4202 812 4263 lactum
839 4217 895 4278 est,
913 4203 936 4261 si
957 4202 1072 4283 aliquis
1090 4218 1135 4262 est
1154 4204 1236 4262 lesus
1254 4203 1304 4262 vel
1330 4201 1501 4283 dampnifi-

237 4331 333 4390 cattts‚
360 4316 450 4388 iurati
476 4313 749 4390 adjudicaverunt,
773 4310 860 4389 quod
887 4309 1035 4388 quitquid
1061 4310 1192 4384 invenit,
1219 4310 1369 4389 paciatur.

344 4423 419 4480 ltem
455 4423 484 4480 in
518 4440 610 4479 causa
644 4421 725 4478 inter
759 4415 948 4478 Michaelem
983 4416 1061 4474 alias
1095 4416 1220 4474 Marusa
1257 4431 1286 4475 et
1320 4415 1499 4475 lohannem

240 4528 438 4588 Soldittariez
465 4528 590 4586 racione
616 4526 822 4586 serviciorum
856 4519 999 4583 eiusdem
1027 4521 1191 4581 Michaelis
1217 4521 1308 4597 jurati
1336 4521 1498 4601 adjudica-

239 4650 361 4712 verunt,
387 4634 473 4715 quod
501 4634 584 4693 idem
612 4633 773 4692 lohannes
799 4628 997 4692 Soltlittaricz
1017 4625 1096 4689 infra
1120 4627 1254 4689 teroium
1274 4629 1358 4689 diem
1385 4630 1499 4690 debeat

238 4743 399 4804 exsolvere
425 4741 556 4803 servicia
583 4741 681 4819 ipsius
707 4737 882 4799 Michaelis.

764 4885 783 4891 -.
816 4877 918 4894 ’.θεὴ
