3488 5272
654 290 740 346 Anno
763 285 858 367 1480.
885 323 926 332 --
943 304 978 366 3.
1003 289 1114 351 martii.

718 501 828 561 Petrus
855 501 931 562 Lah.

716 608 848 669 Mathko
873 607 1014 691 Dragyu.

715 715 914 795 Augustinus
938 729 1050 776 sartor.

717 819 830 881 Gallus
853 834 951 883 sutor.

716 927 855 1009 Mykwla
881 927 1012 1010 Sypaar.

714 1033 851 1094 Valenth
875 1047 964 1096 sutor
989 1035 1202 1098 Contescbak.

711 1140 873 1200 lohannes
897 1155 1008 1203 sartor.

715 1247 839 1330 Myrko.

713 1352 845 1414 Mathko
871 1353 1046 1434 Pangracii.

715 1459 853 1541 Mykwla
880 1459 1016 1542 Halych.

712 1565 877 1626 Marchecz
901 1580 1000 1629 sutor.

712 1671 796 1732 lwan
822 1673 956 1735 institor.

711 1778 847 1839 Michael
872 1793 970 1841 sutor.

711 1885 871 1966 Georgius
895 1900 994 1947 sutor.

711 1992 856 2053 Andreas
882 1992 1084 2076 Mosnarych.

352 2155 427 2215 Item
453 2155 617 2236 prescripti
645 2154 841 2214 laurencius
865 2153 960 2232 judex
985 2166 1015 2213 et
1040 2153 1132 2233 jurati
1161 2173 1197 2214 ac
1231 2153 1404 2214 consiliarii
1435 2172 1508 2214 cum

243 2281 401 2322 consensu
427 2277 456 2322 et
480 2261 705 2321 commissione
724 2261 866 2320 unanimi
893 2275 923 2320 et
942 2259 1092 2320 concordi
1112 2259 1298 2341 volunptate
1323 2272 1354 2320 et
1378 2258 1506 2320 decreto

242 2368 345 2428 tocius
369 2367 608 2427 communitatis
634 2366 742 2426 omnia
779 2366 903 2426 decreta
944 2379 1059 2427 statuta
1084 2380 1148 2426 tam
1182 2365 1212 2426 in
1246 2365 1385 2447 presenti
1410 2385 1508 2446 quam

242 2475 273 2533 in
300 2474 440 2554 antiquis
465 2473 625 2534 kathernis
653 2473 768 2533 nostris
791 2486 937 2533 contenta
964 2487 994 2532 et
1017 2473 1132 2553 scripta
1168 2470 1275 2552 quoad
1297 2491 1410 2533 omnes
1434 2471 1507 2533 arti·

241 2580 331 2639 culos
356 2595 385 2639 et
418 2593 534 2660 puncta
560 2595 589 2640 et
614 2579 772 2639 clausulas
802 2579 989 2639 eorumdem
1018 2592 1209 2639 statutorum
1241 2592 1271 2638 et
1303 2577 1505 2640 decretorum

241 2706 296 2766 per
321 2701 423 2746 toturn
459 2706 578 2746 annum
613 2686 766 2767 presentis
799 2684 956 2763 judicatus
996 2685 1095 2765 ipsius
1128 2684 1295 2744 Laurencii
1329 2683 1442 2763 judicis
1475 2699 1506 2745 et

241 2808 475 2872 consequenter
499 2793 650 2872 deinceps
674 2791 741 2872 jure
774 2806 929 2872 perpetuo
947 2806 976 2851 et
1002 2790 1251 2852 irrevocabiliter
1275 2789 1506 2851 confirmarunt

240 2917 365 2978 semper
390 2899 524 2959 valitura
550 2913 580 2959 et
605 2898 736 2958 firmiter
760 2898 969 2958 observanda.

348 3024 380 3081 ln
407 3044 499 3082 causa
518 3037 548 3084 et
565 3024 619 3082 lite
639 3023 719 3083 inter
733 3023 903 3082 Nicolaum
921 3036 1062 3082 sutorem
1080 3035 1111 3081 et
1129 3021 1328 3081 Demetrium
1343 3021 1504 3104 Wseczlty

240 3144 384 3208 pretextu
410 3129 624 3208 quorumdam
651 3148 806 3208 equorum
833 3142 863 3189 et
885 3129 984 3188 eciam
1016 3142 1175 3188 certorum
1200 3127 1380 3207 ponderum
1405 3127 1498 3205 milii,

241 3234 270 3293 in
298 3235 401 3314 primo
428 3235 547 3312 judicio
573 3235 784 3295 consistoriali
807 3236 951 3314 proxime
969 3234 1105 3294 affuturo
1132 3233 1216 3293 idern
1243 3233 1425 3293 Demetrius
1444 3233 1503 3314 ipsi

240 3341 373 3400 Nicolao
399 3342 493 3400 debet
518 3341 709 3422 respondete
735 3355 764 3401 et
789 3342 889 3401 eciam
915 3342 985 3401 aliis
1009 3341 1073 3400 suis
1097 3340 1201 3403 sociis.

346 3464 376 3522 ln
404 3485 496 3524 causa
530 3480 559 3525 et
592 3467 645 3525 lite
681 3467 761 3525 inter
793 3484 1007 3526 successorem
1041 3464 1231 3525 Hathesicze
1257 3478 1287 3525 et
1320 3464 1502 3524 Emericum

240 3570 420 3631 Sltrinaricb
448 3572 575 3631 racione
601 3572 767 3632 cuiusdam
794 3571 866 3631 furti
893 3571 1013 3631 scilicet
1031 3571 1167 3631 duarum
1192 3570 1395 3630 camisiarum
1420 3568 1503 3630 diffi-

239 3678 339 3737 nitum
367 3692 422 3751 est,
449 3677 535 3755 quod
563 3677 703 3757 prefatus
728 3697 890 3738 successor
919 3678 1045 3755 jurabit,
1071 3676 1158 3756 quod
1185 3677 1283 3736 nescit
1308 3675 1404 3736 fuisse
1431 3675 1502 3737 illas

238 3803 286 3842 res
312 3783 410 3844 furtas
434 3803 491 3843 nec
518 3783 612 3843 babet
637 3785 761 3864 aliquas
786 3784 870 3864 apud
896 3805 928 3844 se
947 3785 1064 3864 plures,
1090 3799 1120 3843 et
1144 3784 1205 3843 hoc
1223 3782 1299 3844 feria
1325 3796 1412 3845 sexta
1431 3798 1501 3865 post

241 3890 437 3949 dominicam
464 3891 563 3963 Quasi
591 3892 690 3950 modo
715 3892 826 3969 geniti,
860 3905 889 3951 et
915 3892 1009 3951 debet
1035 3891 1200 3951 restituere
1226 3891 1326 3951 dictas
1358 3891 1502 3951 camisias

238 3998 411 4076 prescripto
439 3998 596 4058 Emerico,

344 4103 419 4162 ltem
446 4124 539 4163 causa
576 4104 735 4163 Dominiei
772 4104 884 4164 literati
916 4119 946 4164 et
980 4105 1098 4165 Matbie
1132 4102 1298 4180 carnificis,
1323 4102 1416 4181 jurati
1441 4117 1500 4164 etc.

237 4209 507 4270 confirmaverunt
534 4212 639 4271 literas
672 4211 807 4270 civitatis
832 4223 862 4270 et
895 4211 1145 4287 communitatis,
1171 4230 1209 4270 eo
1243 4229 1305 4269 non
1332 4223 1501 4271 contentus

237 4313 376 4395 prefatus
402 4316 536 4375 blathias
561 4316 699 4377 carnifex
725 4317 763 4376 ad
789 4317 930 4375 seniores
955 4317 1075 4394 judices
1100 4336 1227 4377 causam
1253 4317 1437 4397 appellavit.

344 4441 418 4500 ltem
446 4461 537 4500 causa
565 4441 652 4501 l'auli
680 4442 794 4519 judicis
827 4438 978 4500 aurifabri
1012 4455 1042 4502 et
1070 4442 1197 4502 Andree
1230 4443 1346 4502 sutoris
1371 4443 1498 4503 racione

238 4562 320 4608 certe
345 4566 414 4606 cere
440 4566 512 4607 cunt
538 4567 600 4627 qua
626 4563 768 4627 reparate
801 4561 873 4609 sunt
908 4546 1039 4606 candele
1066 4547 1163 4627 vulgo
1196 4549 1391 4627 koledu'ske,
1416 4547 1498 4609 diffi-

237 4654 338 4714 nitum
364 4669 419 4719 est.
445 4653 531 4733 quod
559 4653 676 4713 Paulus
701 4651 860 4715 aurifaber
885 4655 979 4714 debet
1000 4653 1123 4713 solvere
1150 4655 1260 4734 viginti
1289 4657 1432 4738 quinque
1449 4677 1498 4718 so·

237 4762 320 4822 lidos
345 4762 434 4823 latos.
