3464 5266
620 377 707 434 Anno
730 386 817 451 1477.
842 409 883 419 -
900 392 933 452 5.
957 376 1119 438 deccnrbn's.
1153 398 1157 405 ·
1432 377 1495 457 465

238 605 343 647 coram
379 585 498 646 eisdem
532 585 777 665 protestavimus
809 606 867 647 nos
898 605 1027 648 omnem
1061 588 1283 650 obedienciam
1316 589 1496 650 exhibuisse

237 691 396 753 mandatis
421 692 507 771 regie
532 692 716 768 Maiestatis,
741 711 851 752 verum
876 693 962 753 enim
988 707 1214 774 supranotato
1239 695 1410 756 Dominico
1434 695 1497 756 sol·

237 799 322 860 licite
347 799 558 860 oboedienter
590 812 620 860 et
651 811 832 860 constanter
864 813 1069 881 comparente
1101 820 1214 862 coram
1239 800 1332 863 nobis
1356 801 1388 862 in
1421 800 1496 862 sede

237 921 344 966 nostra
369 904 546 987 judiciaria.

264 1141 358 1214 Faria
389 1152 486 1215 sexta
516 1146 671 1232 proxima
700 1151 778 1215 ante
806 1144 928 1216 festum
967 1143 1055 1216 beati
1083 1143 1218 1217 llartini
1249 1149 1394 1234 episcopi
1423 1156 1456 1218 et

762 1266 974 1339 confessoris.

734 1420 777 1498 (7.
801 1419 985 1501 novembris).

344 1560 418 1621 ltem
446 1561 527 1621 inter
552 1560 693 1621 blasium
712 1560 908 1642 lutifigulum
932 1575 963 1622 et
980 1561 1158 1623 lohannem
1176 1562 1348 1641 agricolam
1367 1563 1494 1626 racione

235 1666 402 1728 cuiusdam
428 1666 510 1727 nosti
521 1661 568 1747 (Β),
594 1680 627 1727 ut
650 1667 716 1748 ipse
742 1667 866 1728 Blasius
890 1666 1067 1748 lutifigulus
1098 1667 1207 1729 comiti
1232 1668 1347 1730 debeat
1370 1669 1494 1730 solvere

236 1792 335 1834 unum
361 1771 431 1833 flor.
456 1791 528 1833 cum
553 1791 619 1853 quo
644 1772 709 1854 ipse
735 1771 897 1835 lohannes
921 1773 1134 1853 obligabatur.

341 1897 416 1957 ltem
443 1896 523 1958 inter
541 1897 729 1958 Michaelem
748 1896 849 1958 filium
868 1898 1008 1979 lagaticz
1025 1910 1056 1958 et
1073 1899 1219 1959 abbatem
1245 1898 1372 1959 racione
1389 1899 1493 1959 cuius·

234 2004 307 2064 dam
332 1999 471 2084 sillie(?)‚
502 2017 536 2064 ut
561 2003 628 2085 ipse
646 2004 781 2065 Michael
800 2002 894 2065 habet
922 2018 953 2065 et
976 2018 1121 2066 teneatur
1138 2024 1196 2086 pro
1214 2004 1321 2086 precio
1346 2018 1380 2066 ut
1405 2018 1494 2086 pater

234 2129 327 2170 suum
354 2109 483 2171 habebit
507 2129 565 2191 pro
590 2109 702 2170 eadem
726 2110 806 2172 silla.

341 2215 417 2276 Item
452 2215 534 2276 inter
566 2214 697 2277 Gallum
731 2214 888 2277 Gudelicz
920 2230 950 2277 et
982 2216 1064 2276 inter
1095 2215 1242 2276 Vrsulam
1268 2216 1308 2277 de
1333 2216 1494 2278 Zamobor

234 2339 376 2381 sororem
404 2320 634 2381 Surmanovicz
652 2322 779 2383 racione
804 2320 969 2382 cuiusdam
987 2321 1176 2381 lintiaminis
1193 2341 1248 2403 per
1266 2320 1366 2403 ipsam
1383 2322 1494 2401 ablati,

235 2441 269 2487 ut
295 2427 360 2497 ipse
379 2424 492 2487 Gallus
516 2426 631 2488 debeat
655 2425 758 2506 jurare
781 2427 974 2503 terciusmet,
995 2439 1110 2487 extunc
1135 2426 1201 2507 ipsa
1226 2426 1265 2487 de
1290 2427 1416 2488 civitate
1440 2427 1490 2488 vel

234 2533 302 2594 eius
336 2532 495 2594 territorio
535 2532 630 2593 debet
662 2534 854 2615 compellere
886 2536 1006 2613 absque
1038 2533 1264 2594 vulneracione
1296 2533 1346 2594 vel
1378 2553 1489 2615 ampu-

233 2639 369 2700 tacione.

341 2745 417 2805 ltem
456 2744 536 2805 inter
568 2744 704 2805 Paulum
737 2743 943 2807 fistulatorem
985 2759 1016 2806 et
1047 2745 1209 2806 Andream
1249 2745 1332 2807 tular
1363 2745 1491 2807 racione

233 2851 399 2913 cuiusdam
426 2849 499 2912 furti
518 2851 556 2911 de
575 2850 673 2912 domo
698 2850 796 2932 ipsius
814 2852 903 2913 Pauli
923 2852 1032 2930 ablati,
1050 2852 1116 2933 ipse
1140 2851 1285 2912 Andreas
1303 2852 1385 2912 tular
1397 2852 1492 2914 debet

233 2956 336 3035 jurare
361 2957 449 3017 solus
473 2957 504 3016 in
530 2976 582 3017 ara
607 2970 713 3019 sancte
738 2955 852 3018 Crucis
876 2956 951 3018 leria
981 2971 1067 3019 sexta
1092 2957 1235 3038 proxime
1260 2971 1403 3019 ventura.

339 3080 416 3141 ltem
443 3080 523 3141 inter
556 3080 747 3141 Michaelem
779 3079 881 3141 filium
912 3081 1051 3161 lagaticz
1082 3092 1113 3141 et
1145 3078 1321 3160 Georgium
1348 3080 1490 3142 Zalaricz

155 3182 159 3189 '
232 3185 359 3246 racione
384 3199 457 3248 octo
475 3184 553 3262 flor,
578 3185 695 3266 quibus
713 3185 778 3267 ipse
804 3184 963 3267 Georgius
991 3186 1204 3266 obligabatur,
1225 3185 1491 3266 adjudicaverunt

233 3304 267 3353 ut
292 3311 356 3352 non
382 3291 484 3352 solvat
509 3310 613 3372 neque
637 3291 807 3372 obligatur.

338 3418 415 3479 ltem
448 3437 541 3479 causa
573 3418 654 3480 inter
685 3416 879 3498 Gregorium
908 3433 1048 3480 sutorem
1081 3431 1112 3478 et
1136 3419 1305 3479 Nicolaum
1340 3415 1491 3479 Sustiricz

233 3525 360 3585 racione
393 3524 558 3585 cuiusdam
590 3536 672 3585 terre
696 3523 788 3603 jurati
820 3524 1018 3587 admiserunt
1050 3525 1089 3585 ad
1121 3524 1298 3585 secundum
1323 3522 1490 3604 judicium.

338 3648 413 3710 ltem
439 3668 565 3710 causam
592 3649 673 3710 inter
698 3647 876 3729 Georgium
899 3649 1040 3710 Zalaricz
1065 3663 1096 3709 et
1121 3649 1264 3710 Marcum
1290 3646 1488 3711 Guracovicz

232 3756 359 3817 racione
384 3753 582 3817 fideiussoris
607 3768 737 3836 propter
761 3753 918 3817 famulum
946 3775 1040 3817 suum
1066 3756 1193 3817 racione
1218 3755 1382 3816 cuiusdam
1410 3753 1490 3815 vitu·

232 3861 311 3943 perii
337 3881 391 3942 per
416 3861 520 3943 ipsum
545 3859 702 3922 famulum
728 3861 834 3922 eidem
859 3860 1002 3942 Georgio
1028 3861 1117 3938 illati,
1141 3862 1180 3922 ad
1205 3862 1383 3923 secundum
1407 3858 1490 3937 judi·

232 3968 316 4028 cium
341 3967 548 4028 admiserunt.

287 4203 380 4275 Faria
409 4214 504 4275 sexta
532 4207 684 4292 proxima
713 4203 745 4275 in
779 4204 927 4293 profesto
955 4205 1044 4275 beati
1075 4201 1199 4276 Nicolai
1228 4201 1373 4290 episcopi
1402 4212 1436 4274 et

753 4328 965 4402 contessoris.

743 4494 785 4558 (5.
808 4481 981 4541 decembris).

339 4621 416 4682 ltem
435 4620 549 4683 Gallus
566 4620 723 4683 Gudelicz
739 4621 818 4683 alias
834 4621 954 4699 juratus
970 4619 1184 4699 juramentum
1203 4620 1290 4701 quod
1309 4620 1492 4681 terciusmet

232 4743 370 4810 prestare
405 4726 567 4790 debuisset
590 4725 668 4791 feria
699 4742 786 4790 sexta
817 4725 962 4809 proxima
995 4740 1066 4809 post
1096 4724 1212 4789 festum
1246 4726 1328 4787 beati
1363 4720 1492 4787 Martini

232 4834 372 4917 episcopi
397 4849 428 4897 et
452 4829 646 4897 confessoris
677 4847 787 4896 contra
811 4832 960 4895 Vrsulam
992 4832 1031 4896 de
1057 4832 1219 4895 Zamobor
1241 4850 1386 4895 sororem
1409 4834 1492 4909 quc

1387 4936 1449 5003 χο
