3488 5272
236 316 297 375 288

607 311 806 392 Ann01466.
832 348 873 357 —
897 327 949 389 29.
966 315 1116 388 januarii.

236 528 372 590 condam
407 526 586 589 Seboldum
616 526 818 588 recollectam
851 526 1065 607 juramentum
1098 525 1266 587 terciomet
1296 524 1503 604 adjudicave-

237 648 320 712 runt,
344 650 374 695 et
399 635 472 714 quia
499 634 565 714 ipse
592 634 748 694 Martinus
771 633 865 714 judex
885 632 1100 709 juramentum
1123 632 1184 693 sibi
1206 630 1425 709 adjudicatum
1450 650 1501 692 ra-

238 741 329 802 cione
363 740 480 801 valoris
512 740 586 801 dieti
619 740 684 799 vini
718 759 773 821 per
805 739 924 817 juratos
951 759 1047 820 super
1078 738 1289 819 quadraginta
1325 736 1394 799 flor.
1429 735 1500 798 auri

238 847 423 927 prestitisset
449 861 482 906 ut
506 847 653 922 debebat,
679 846 752 906 ideo
778 845 834 926 ipsi
862 845 954 926 jurati
977 858 1048 926 post
1072 844 1288 925 juramentum
1313 864 1368 926 per
1394 844 1501 925 ipsum

239 954 412 1014 Martinam
447 954 524 1013 alias
555 952 695 1032 judicem
728 952 787 1012 sibi
821 952 1050 1033 adjudicatum,
1083 952 1277 1032 depositum,
1308 951 1500 1034 premissum

238 1060 403 1141 (blortum,
436 1060 597 1119 stabulum
631 1080 667 1119 ac
699 1059 832 1119 domum
868 1074 898 1119 et
930 1059 1037 1119 locum
1071 1057 1250 1119 molendini
1284 1058 1315 1117 in
1347 1058 1504 1119 suburbio

239 1166 382 1227 eiusdem
408 1167 544 1227 civitatis
566 1167 709 1226 eiusdem
734 1165 871 1226 condam
895 1164 1026 1226 Seboldi
1053 1164 1170 1242 habita,
1196 1164 1323 1225 racione
1341 1165 1501 1228 dictorum

242 1272 452 1353 quadraginta
478 1273 546 1333 flor.
572 1273 651 1348 auri,
676 1292 769 1351 super
795 1292 877 1352 quos
908 1271 1122 1346 juramentum
1147 1271 1292 1351 prestitit,
1316 1271 1500 1332 statuissent

243 1379 347 1439 eidem
368 1378 505 1438 Martino
523 1377 618 1456 iudici
634 1378 793 1437 vendendi
809 1391 839 1438 et
856 1398 888 1437 se
903 1391 1091 1437 contentum
1110 1376 1265 1438 reddendi
1287 1376 1505 1439 attribuissent

242 1485 405 1566 potestatis
430 1483 623 1560 facultatem,
645 1498 675 1545 et
707 1484 782 1564 quia
809 1484 943 1543 Michael
970 1482 1053 1542 lilius
1086 1483 1185 1563 ipsius
1209 1483 1346 1543 condam
1372 1482 1499 1544 Nicolai

240 1590 391 1650 aurifabri
419 1591 449 1649 in
467 1610 522 1650 sua
549 1603 578 1648 et
595 1590 745 1666 aliorum,
770 1608 907 1669 quorum
930 1609 1036 1669 supra,
1055 1588 1160 1649 eidem
1178 1588 1347 1649 statucioni
1373 1589 1504 1650 racione
1578 1598 1582 1605 '

239 1698 347 1779 previa
373 1717 429 1778 per
453 1697 571 1775 iuratos
596 1696 675 1757 facte
701 1697 968 1757 contradiceionis
993 1696 1151 1756 velamine
1176 1695 1347 1773 obviasset,
1373 1708 1403 1756 et
1427 1714 1504 1756 ean·

243 1805 316 1865 dem
341 1824 468 1864 causam
494 1804 532 1863 ad
559 1824 617 1863 nos
641 1804 783 1863 seniores
812 1803 933 1882 judices
965 1802 1165 1883 appellasset,
1190 1801 1423 1882 quamquidem
1449 1802 1505 1863 ad·

243 1910 477 1985 iudicationem
504 1910 645 1991 ipsorum
671 1909 847 1988 juratorum
869 1922 974 1990 partes
999 1909 1080 1968 inter
1097 1908 1266 1988 premissas
1291 1908 1418 1969 racione
1437 1908 1505 1969 dic-

242 2031 347 2078 torum
374 2016 588 2096 dampnorum
607 2035 662 2096 per
681 2016 784 2096 ipsum
812 2015 948 2075 condam
968 2014 1144 2074 Seboldum
1170 2015 1278 2095 Maver
1295 2013 1400 2075 eidem
1421 2014 1503 2075 Mar-

242 2123 311 2183 tino
337 2121 433 2199 judici
459 2123 634 2197 illaturum,
660 2120 786 2197 factam,
820 2142 878 2180 nos
909 2121 1050 2181 seniores
1075 2120 1196 2200 judices
1221 2119 1448 2182 ratificavimus
1471 2136 1503 2182 et

242 2229 459 2309 approbamus
492 2241 521 2289 et
561 2229 722 2307 signanter
756 2248 791 2287 ex
829 2248 885 2304 e0,
925 2227 999 2307 quia
1034 2239 1204 2287 annotatus
1236 2227 1391 2287 Martinus
1422 2227 1502 2288 alias

241 2334 335 2414 judex
361 2348 432 2415 post
457 2348 592 2393 mortem
618 2347 648 2394 et
673 2334 796 2393 obitum
815 2334 952 2393 condam
978 2333 1075 2392 Vlrici
1094 2333 1220 2393 comitis
1245 2332 1339 2409 Cilie,
1355 2348 1501 2415 tempore

242 2440 412 2501 cuiuslibet
437 2440 550 2519 judicis
575 2440 658 2500 diete
684 2440 818 2500 civitatis
845 2454 876 2499 et
904 2439 991 2499 omni
1018 2459 1102 2500 anno
1121 2439 1151 2499 in
1182 2439 1372 2500 consistorio
1390 2453 1501 2500 nostro

242 2547 380 2607 eundem
406 2546 583 2605 Seboldurn
610 2546 719 2625 Macer
751 2566 768 2604 a
800 2545 989 2605 venditione
1016 2560 1045 2603 et
1070 2545 1131 2604 alia
1164 2545 1277 2624 quavis
1301 2544 1501 2606 alienatione

241 2653 461 2712 universarum
488 2668 516 2711 et
544 2652 762 2732 quatumlibet
780 2652 1017 2732 possessionum
1037 2652 1180 2711 eiusdem
1200 2651 1331 2712 Seboldi
1359 2652 1389 2712 in
1415 2652 1504 2712 terri-

240 2759 323 2818 torio
349 2758 431 2817 dicte
450 2759 585 2818 civitatis
603 2758 822 2832 existenciutn,
841 2758 915 2817 irent
942 2758 1104 2837 quoslibet
1125 2757 1272 2817 homines
1289 2772 1319 2817 et
1343 2758 1506 2837 signanter

242 2863 399 2945 prefatum
433 2863 569 2923 condam
603 2864 772 2923 Nicolaum
806 2860 1001 2922 aurifabrum
1035 2864 1073 2923 ab
1099 2863 1268 2943 empcione
1295 2862 1504 2937 inhibuisset;

243 2970 315 3029 ideo
341 2990 398 3028 nns
423 2969 599 3047 judicantes
623 2967 705 3028 lacto
725 2969 754 3026 in
781 2969 946 3047 prentissn,
964 2969 1068 3027 eidem
1094 2969 1224 3028 domine
1252 2970 1360 3030 relicte
1377 2989 1412 3029 ac
1432 2968 1506 3030 filiis

243 3077 341 3157 ipsius
366 3076 501 3134 cendant
529 3075 652 3134 Nicolai
679 3074 831 3133 aurifabri
858 3075 1089 3149 commisimus,
1108 3091 1140 3134 ut
1159 3075 1216 3155 ipsi
1242 3056 1430 3155 peccuniam
1458 3076 1505 3156 ip·

241 3201 361 3255 sorum,
386 3181 410 3239 si
437 3200 532 3259 quant
560 3181 617 3258 ipsi
645 3180 749 3239 eidem
784 3180 920 3239 condant
948 3180 1090 3240 Seboldo
1124 3181 1296 3257 dedissent,
1322 3183 1361 3242 ab
1388 3181 1505 3243 eodem

242 3288 291 3347 vel
317 3287 381 3346 suis
407 3286 577 3346 heredibus
602 3300 743 3365 repetere
770 3301 798 3345 et
824 3286 984 3365 requirere
1019 3287 1170 3346 deberent
1196 3307 1231 3346 ea
1258 3309 1296 3346 eo
1323 3302 1352 3347 et
1378 3302 1506 3369 propte·

243 3414 305 3469 ren,
328 3393 400 3472 quia
427 3393 450 3452 si
477 3393 592 3471 aliquis
617 3392 740 3471 aliquas
764 3392 981 3471 possessiones
1008 3392 1037 3450 in
1068 3394 1227 3452 territorio
1253 3393 1334 3453 dicte
1370 3395 1507 3455 civitatis

243 3518 349 3559 emere
375 3497 423 3557 vel
451 3498 588 3557 vendere
614 3497 719 3571 vellet,
744 3511 859 3557 eotune
890 3498 1024 3576 quilibet
1051 3499 1120 3557 talis
1154 3498 1301 3558 venditor
1324 3516 1353 3560 et
1379 3515 1505 3581 emptor

245 3623 351 3664 corant
379 3603 481 3672 judice
508 3603 589 3663 dicte
609 3604 743 3662 civitatis
762 3604 869 3662 venire
890 3618 918 3664 et
937 3602 1108 3663 fassionent
1128 3603 1229 3665 faeere
1255 3605 1395 3681 deberet,
1414 3620 1507 3687 prout

247 3710 306 3770 hoc
332 3709 528 3769 consverudn
554 3710 637 3768 diere
663 3710 798 3768 civitatis
824 3710 954 3788 requirit
981 3724 1008 3769 et
1035 3711 1186 3790 exposcit,
1212 3710 1328 3771 babere
1354 3728 1384 3772 et
1408 3713 1507 3793 possi·

246 3816 320 3876 dere
346 3816 484 3881 valeret:
509 3815 547 3873 de
574 3816 660 3894 quod
688 3815 807 3893 jndicio
834 3829 942 3875 nostro
961 3830 990 3875 et
1016 3817 1156 3895 ipsorum
1184 3818 1359 3890 juratorum
1385 3819 1504 3879 civium

247 3922 312 4002 ipsa
333 3922 440 3981 relicta
460 3922 557 4001 ipsius
572 3922 706 3980 condant
727 3921 850 3981 Nicolai
870 3921 1019 3981 aurifabri
1040 3923 1068 3981 in
1088 3943 1192 3983 suane
1210 3923 1405 4003 prefatorum
1423 3925 1505 3987 lilio·

245 4048 314 4087 rum
337 4048 466 4087 suorum
486 4027 670 4086 nominibtrs
685 4046 747 4084 nnn
767 4041 913 4087 contenta
936 4028 1070 4087 eandem
1090 4048 1215 4088 causant
1235 4049 1306 4089 cunr
1333 4031 1422 4091 totali
1448 4051 1504 4092 sua

247 4134 366 4194 serieet
386 4154 533 4211 processu
553 4134 582 4191 in
604 4132 798 4211 presenciam
815 4132 974 4210 magnifici
993 4134 1114 4193 <lumini
1141 4134 1399 4196 tlravarnicnrunt
1416 4157 1503 4217 rega·

248 4240 327 4299 lium
353 4240 542 4320 appellasset
567 4240 596 4297 in
624 4238 831 4317 presenciam,
858 4239 930 4297 iden
956 4260 1013 4298 nos
1038 4240 1156 4299 eisdem
1183 4244 1338 4301 atttbabus
1364 4245 1506 4323 partibus

246 4346 418 4405 terminum
437 4364 543 4404 euram
562 4344 684 4423 prefato
700 4344 850 4421 magistro
868 4346 1135 4405 tltawarnicnrunr
1148 4349 1355 4427 entnparendi
1370 4351 1505 4428 quadra-

246 4452 403 4531 gesimum
430 4452 514 4511 ‹lient
540 4471 556 4510 a
582 4451 633 4510 die
658 4450 911 4525 adjudicationis
937 4466 1041 4509 nostre
1060 4452 1209 4512 duximus
1227 4453 1461 4533 prefigendunt.
