3488 5272
234 292 298 369 416

596 293 794 368 Ann01472.
821 324 861 332 —
884 299 931 366 17.
956 288 1128 350 novembris.

238 502 270 562 in
296 521 422 563 causam
449 514 618 563 attraxerat
642 501 682 562 ad
707 500 813 564 foram
837 502 1003 585 spirituale
1035 501 1164 564 racione
1189 500 1418 583 peccuniarum
1444 499 1503 583 ipsi

238 607 398 669 Clementi
424 628 480 689 per
502 608 606 690 ipsum
632 607 768 669 condam
794 608 957 671 Andream
982 608 1159 689 legatarum
1184 607 1448 669 testamentaliter
1472 619 1505 668 et

238 715 409 776 verbaliter
434 715 650 792 dimissarum,
676 727 706 776 et
730 716 769 774 ab
794 714 915 776 eisdem
935 715 1046 795 juratis
1070 715 1109 775 ad
1135 734 1194 775 tros
1217 713 1361 776 seniores
1384 712 1506 793 judices

237 821 444 904 appellatam,
470 840 528 881 nos
554 821 696 882 seniores
712 819 836 902 judices
853 820 936 883 lacto
961 822 992 882 in
1011 821 1167 904 premisso
1190 821 1295 883 taliter
1312 819 1506 898 invenimus,

239 928 325 1008 quod
351 928 418 1010 ipse
444 927 596 988 Clemens
621 927 816 1010 Symwnych
840 927 943 1009 jurare
961 928 1122 990 tenebitur
1145 925 1224 989 seria
1248 939 1335 987 sexta
1359 925 1504 1009 proxime

242 1049 375 1096 ventura
401 1035 432 1094 in
457 1054 510 1095 ara
534 1049 641 1094 sancte
669 1033 792 1112 Crucis,
822 1036 852 1096 in
878 1054 928 1113 eo,
952 1035 1039 1116 quod
1065 1053 1122 1095 nec
1145 1054 1203 1117 per
1226 1032 1506 1110 informacionem,

240 1162 297 1202 nec
330 1142 528 1202 voluntatem
561 1161 666 1221 neque
700 1141 943 1221 instigacionem
978 1141 1078 1223 ipsius
1109 1140 1289 1203 Clementis
1321 1141 1388 1222 ipse
1413 1139 1506 1202 Vltus

238 1249 382 1308 literatus
408 1248 511 1328 ipsum
537 1247 691 1307 Mathiam
709 1267 864 1327 generum
887 1248 986 1330 ipsius
1004 1247 1198 1330 Symwnych
1217 1246 1256 1309 ad
1281 1245 1387 1308 forum
1412 1246 1505 1328 spiri·

237 1356 324 1417 tuale
349 1375 413 1415 non
447 1354 555 1415 citavit
580 1374 638 1415 nec
671 1354 775 1434 ipsum
808 1355 840 1415 in
866 1355 1013 1436 expensis
1041 1368 1073 1417 et
1103 1354 1334 1437 prosecutione
1359 1352 1504 1416 eiusdem

238 1480 331 1521 cause
357 1460 608 1541 dampnificavit,
633 1460 706 1521 ideo
724 1460 801 1521 dum
825 1461 890 1542 ipse
916 1461 1069 1523 Clemens
1085 1481 1118 1522 se
1136 1461 1324 1542 expurgabit
1348 1479 1406 1542 per
1422 1458 1505 1541 jura·

239 1582 395 1644 mentum,
421 1581 496 1627 tunc
523 1567 588 1647 ipse
614 1566 752 1627 Mathias
775 1586 874 1646 gener
892 1567 1087 1649 Symwnych
1112 1567 1151 1628 de
1176 1566 1247 1628 aliis
1264 1568 1359 1629 rebus
1384 1580 1416 1628 et
1432 1584 1505 1649 por·

239 1675 331 1735 cione
357 1674 595 1756 possessionum
622 1673 652 1733 in
678 1674 838 1734 territorio
868 1674 951 1735 dicte
984 1674 1120 1735 civitatis
1144 1693 1203 1756 pro
1226 1673 1376 1756 dampnis
1398 1685 1429 1734 et
1453 1691 1504 1734 ex·

239 1780 347 1861 pensis
371 1799 466 1861 super
491 1780 596 1860 ipsum
622 1779 731 1840 Vitum
757 1779 919 1860 requirere
943 1792 973 1841 et
998 1780 1149 1862 prosequi
1174 1780 1301 1862 poterit.

295 1995 390 2069 Faria
420 2001 527 2070 tercia
557 2000 711 2087 proxima
750 2007 826 2070 ante
856 2000 977 2070 testum
1006 2000 1104 2071 beate
1133 1999 1316 2089 Elyzabeth
1343 1997 1453 2077 vidue.

677 2122 824 2212 proxime
852 2127 1062 2213 preteritum.

737 2281 801 2356 (17.
824 2276 1012 2354 novembris).

348 2417 424 2478 Item
450 2418 524 2497 quia
552 2418 704 2480 Clemens
730 2418 924 2501 Symwnych
958 2419 1061 2480 dictus
1092 2419 1132 2480 ad
1169 2419 1358 2481 instanciam
1384 2419 1505 2481 Mathie

240 2524 349 2604 generi
375 2522 512 2584 condam
547 2524 674 2585 Andree
707 2524 914 2607 Symwnych,
946 2523 1162 2604 juramentum
1195 2525 1255 2586 sibi
1285 2524 1504 2604 adjudicatum

241 2649 297 2711 per
321 2629 462 2689 seniores
487 2629 608 2708 judices
632 2631 760 2691 racione
785 2631 951 2691 cuiusdam
981 2631 1071 2693 litere
1096 2630 1293 2711 expeditorie
1317 2651 1374 2713 per
1399 2631 1503 2713 ipsum

241 2735 444 2797 Clementem
463 2736 567 2795 eidem
587 2736 706 2797 Mathie
724 2755 844 2816 genero
862 2736 1056 2818 Symwnych
1076 2737 1167 2813 date;
1185 2737 1272 2818 quod
1292 2735 1505 2817 juramentum

242 2844 307 2924 ipse
341 2842 493 2903 Clemens
525 2841 602 2902 seria
635 2856 720 2904 sexta
754 2844 898 2924 proxime
930 2845 1079 2924 preterita
1109 2844 1194 2925 juxta
1227 2843 1504 2925 adjudicationem

240 2950 403 3010 seniorum
429 2950 571 3028 judicum
598 2949 760 3031 deponere
785 2950 933 3027 debebat,
958 2970 1023 3010 non
1049 2950 1209 3032 deposuit.

348 3056 424 3118 ltem
452 3057 525 3136 quia
553 3056 733 3137 Stephanus
759 3057 899 3118 Berthun
926 3057 1031 3137 primo
1056 3070 1087 3118 et
1111 3057 1331 3139 principaliter
1355 3057 1386 3118 in
1413 3057 1506 3118 sacri-

242 3162 327 3241 legio
360 3179 389 3221 et
422 3161 507 3222 furtu
541 3182 715 3223 canuarum
752 3164 862 3243 organi
896 3163 1029 3224 ecclesie
1061 3178 1166 3224 nostre
1199 3164 1391 3244 parochialis
1423 3165 1506 3226 beati

244 3268 342 3327 Marci
369 3268 574 3347 ewangeliste
600 3283 630 3328 et
656 3269 686 3328 in
713 3269 783 3329 aliis
808 3268 1054 3350 quampluribus
1078 3268 1244 3331 maleficiis
1268 3291 1303 3331 ac
1328 3269 1507 3348 surticiniis,

243 3395 300 3434 nec
326 3394 389 3433 non
416 3374 516 3435 eciam
543 3375 703 3435 minarum
729 3390 886 3436 certorum
914 3376 1032 3436 civium
1058 3376 1229 3437 domorum
1255 3391 1284 3438 at
1308 3377 1505 3439 koucharum

242 3480 531 3556 combustionibus,
565 3501 626 3560 que
660 3482 794 3562 ipsemet
827 3501 881 3541 ore
914 3482 1044 3563 proprio
1070 3496 1132 3543 tam
1169 3483 1198 3543 in
1225 3483 1384 3564 supplicio
1410 3503 1506 3564 quam

243 3589 341 3648 eciam
368 3607 474 3647 coram
509 3601 623 3648 cuncto
650 3588 772 3668 populo
807 3588 950 3648 eiusdem
984 3589 1137 3666 civitatis,
1170 3609 1266 3670 quam
1299 3565 1399 3651 eciam
1434 3610 1505 3652 cum

243 3708 371 3754 centum
398 3693 510 3753 vicinis
535 3707 564 3754 et
597 3694 753 3755 extraneis
785 3693 970 3754 hominibus
1004 3695 1103 3755 lassus
1135 3694 1211 3772 fuit;
1245 3696 1299 3777 qui
1326 3696 1507 3778 Stephanus

243 3813 371 3880 propter
396 3799 582 3860 huiusmodi
608 3801 809 3879 sacrilegium
837 3815 867 3862 et
896 3801 998 3861 minas
1032 3801 1169 3862 incendii
1195 3804 1340 3864 comburi
1366 3803 1507 3881 deberet,

243 3905 297 3965 sed
323 3906 398 3985 quia
424 3920 453 3966 et
479 3907 509 3967 in
536 3907 606 3966 aliis
632 3906 810 3987 nephandis
835 3905 923 3967 lactis
948 3921 977 3967 et
998 3906 1087 3967 furtis
1105 3908 1315 3990 reprehensus
1339 3923 1395 3986 est,
1420 3930 1507 3970 cona-

244 4012 349 4072 bustio
373 4012 476 4072 eidem
504 4030 549 4074 est
583 4013 723 4090 remissa,
747 4014 801 4072 sed
832 4026 957 4073 tantum
990 4015 1140 4095 suspendi
1177 4016 1208 4076 in
1241 4016 1385 4097 patibulo
1410 4014 1507 4077 hodie

244 4119 326 4179 dicte
352 4120 488 4179 civitatis
514 4121 608 4180 debet
633 4119 794 4200 suspendi,
821 4133 915 4199 prout
939 4120 1024 4198 juxta
1042 4141 1097 4181 sua
1116 4122 1269 4183 demerita
1291 4123 1385 4184 debet
1410 4142 1508 4204 penes

243 4225 520 4305 adjudicacionem
546 4226 722 4304 juratorum
750 4227 833 4286 dicte
859 4227 1005 4288 civitatis.

350 4333 427 4393 ltenx
453 4334 527 4413 quia
554 4334 681 4415 lllycula
708 4332 883 4415 Galowych
910 4334 1023 4411 dictus,
1042 4334 1235 4395 inhabitator
1253 4335 1334 4397 dicte
1360 4336 1507 4416 civitatis,

245 4439 275 4498 in
313 4440 493 4500 minacione
528 4440 760 4499 combustionis
793 4440 963 4500 domorum
1004 4454 1161 4502 certorum
1195 4443 1312 4503 civium
1344 4456 1376 4504 et
1406 4443 1506 4505 eciam

246 4565 356 4605 eorum
383 4546 593 4622 koucharum,
617 4567 696 4626 quas
720 4544 822 4607 facere
848 4549 1057 4627 proponebat,
1090 4562 1219 4629 propter
1243 4549 1330 4630 quod
1354 4550 1437 4629 ignis
1460 4549 1506 4611 in·

244 4652 359 4712 cendio
394 4673 449 4712 seu
482 4654 677 4714 concremari
710 4654 857 4730 debebat,
889 4654 943 4714 sed
977 4654 1051 4734 quia
1083 4655 1169 4715 idem
1203 4655 1316 4718 Gallus
1348 4657 1448 4719 eciam
1475 4657 1505 4718 in

245 4758 490 4838 quampluribus
521 4759 592 4819 aliis
624 4759 790 4822 maleficiis
823 4775 853 4820 et
886 4761 986 4821 eciam
1016 4761 1190 4823 multorum
1222 4761 1390 4826 hominum
1417 4763 1508 4826 furtis
