3488 5272
603 322 804 399 Ann01459.
830 355 871 363 -
896 336 945 399 14.
969 322 1132 382 decembris.

346 532 421 594 ltem
449 533 551 593 leucas
576 547 664 594 sutor
688 547 797 595 contra
825 532 1057 614 Margaretham
1080 532 1312 595 Babicheuicza
1336 532 1442 615 primo
1460 533 1503 594 ci·

238 652 321 701 tatus
345 658 410 700 non
436 640 625 720 comparuit.

297 754 301 769 ‘
345 744 421 806 Item
442 745 516 826 quia
534 746 723 807 Valentinus
737 746 843 807 senior
860 745 955 826 juder
972 759 1002 807 et
1020 746 1161 807 concivis
1177 761 1285 807 noster
1297 745 1329 806 id
1343 764 1416 806 cum
1433 743 1500 806 sul·

239 850 359 913 ficienti
385 865 415 913 et
440 850 604 934 fidedigno
629 867 810 914 nostrorum
836 853 1018 914 concivium
1054 852 1240 915 testimonio
1264 852 1360 914 hodie
1392 871 1500 913 coram

240 957 334 1019 nobis
359 957 389 1019 in
414 957 488 1021 sede
507 972 614 1020 nostra
639 958 804 1038 judiciaria
823 959 906 1019 clare
931 974 962 1020 et
979 959 1097 1020 seriose
1114 958 1347 1040 comprobavit,
1371 970 1406 1018 ut
1423 956 1503 1018 dum

239 1064 285 1125 vir
310 1063 446 1125 condam
472 1064 626 1145 providus
650 1078 681 1126 et
705 1064 858 1126 honestus
884 1065 967 1127 lwan
990 1065 1090 1126 Twrk
1114 1066 1202 1148 olym
1228 1063 1369 1126 concivis
1393 1076 1504 1124 noster

238 1171 268 1231 in
295 1171 444 1237 extremis
469 1171 532 1232 vite
557 1191 612 1234 sue
637 1172 823 1253 temporalis
855 1172 1043 1248 laborasset,
1067 1186 1142 1234 tunc
1177 1172 1243 1253 ipse
1268 1169 1431 1252 quandam
1455 1170 1504 1231 vi·

237 1296 329 1339 neam
356 1296 445 1338 suam
472 1276 503 1338 in
528 1278 689 1339 territorio
714 1292 824 1340 nostro
857 1277 1010 1356 habitam,
1035 1298 1109 1339 cum
1141 1277 1263 1339 cunctis
1295 1276 1360 1337 suis
1383 1275 1504 1337 utilita-

237 1383 322 1445 tibus
347 1395 377 1445 et
403 1383 607 1465 pertinenciis
632 1381 755 1465 prelato
781 1383 953 1445 Valentino
978 1383 1076 1463 judici
1101 1399 1264 1464 tamquam
1282 1381 1504 1443 commissario

238 1488 382 1550 eiusdem
415 1487 550 1550 fideliter
584 1489 763 1571 expendere
795 1490 963 1572 legavisset
996 1503 1026 1551 et
1057 1490 1240 1567 dimisisset,
1273 1487 1411 1569 ideoque
1444 1505 1505 1547 nos

238 1592 373 1657 eandem
407 1595 534 1655 vineam
567 1593 679 1676 prelati
706 1595 791 1657 lwan
824 1595 915 1656 Turk
948 1594 1072 1677 prelato
1104 1594 1277 1656 Valentino
1302 1592 1401 1672 judici
1434 1605 1505 1653 tan·

238 1720 335 1782 qivana
360 1720 437 1762 vero
461 1714 492 1763 et
516 1700 674 1781 legittimo
703 1702 923 1763 commissario
954 1701 1099 1763 eiusdem
1124 1702 1254 1782 plenam
1278 1698 1440 1761 vendendi
1465 1717 1502 1758 ac

239 1806 323 1883 iuxta
350 1808 611 1869 commissionem
638 1828 729 1869 suam
754 1808 948 1891 disponendi
980 1809 1185 1871 attribuimus
1208 1805 1376 1889 potestatis
1399 1804 1504 1886 pleni·

237 1914 395 1976 tudinem.

345 2018 422 2081 ltem
448 2038 575 2081 causam
609 2021 690 2081 inter
715 2020 914 2102 Stephanum
950 2021 1142 2102 Hungarum
1174 2035 1204 2081 et
1239 2020 1503 2082 bartholomeum

240 2126 279 2187 dc
305 2126 512 2207 llnkaspurga
544 2146 600 2207 per
635 2125 754 2199 iuratos
785 2128 932 2207 superius
964 2126 1178 2204 adjudicatam
1210 2126 1354 2187 seniores
1382 2124 1506 2204 judices

241 2231 321 2301 iuste
346 2230 413 2292 lore
438 2230 665 2304 adjudicatam,
682 2230 922 2293 affirmaverunt
944 2247 975 2295 et
991 2231 1262 2294 confirmaverunt
1286 2251 1342 2313 per
1359 2230 1504 2293 eosdem.

346 2337 423 2399 ltem
449 2338 588 2398 lacobus
605 2336 730 2419 ll'yech
748 2357 912 2399 successor
929 2353 1038 2399 contra
1056 2338 1242 2420 Philippum
1259 2352 1401 2399 sutorem
1419 2335 1503 2415 jura·

240 2456 383 2505 metitum
409 2443 468 2504 sibi
494 2442 713 2517 adjudicatum
731 2444 889 2526 superius,
914 2460 1008 2526 prout
1025 2445 1164 2505 debebat
1188 2443 1349 2525 deposuit,
1373 2457 1405 2504 et
1428 2442 1504 2504 ideo

240 2564 285 2609 est
311 2548 391 2609 liber
415 2550 455 2609 ab
480 2548 549 2631 ipso
575 2547 765 2616 iuramento.

347 2654 424 2716 ltern
450 2654 523 2715 licet
550 2654 686 2716 hluthias
709 2656 895 2717 tributarius
918 2676 977 2737 pro
1005 2657 1147 2737 quodam
1173 2654 1259 2716 furtu
1284 2654 1502 2725 iuramentum

239 2760 299 2821 sibi
313 2760 531 2829 adindicatum
546 2773 640 2841 prout
656 2760 792 2822 debebat
807 2781 871 2822 non
885 2762 1087 2843 deposuerat,
1104 2775 1135 2823 et
1148 2762 1191 2821 ob
1207 2759 1293 2841 thoe)
1304 2760 1371 2841 ipse
1388 2757 1501 2820 fuisset

241 2866 406 2927 ωιινίςιιιε
431 2868 462 2925 in
488 2866 557 2946 ipso
582 2862 680 2939 l'urtn,
705 2868 938 2947 propterquod
964 2868 1048 2937 iuxta
1073 2866 1338 2928 consvetudinem
1363 2864 1504 2927 civitatis

241 2973 346 3053 parituri
373 2972 545 3037 debuisset.
571 2988 677 3032 tamen
703 2992 758 3051 per
782 2974 1038 3053 supplicaciones
1070 2972 1303 3033 nonnullorum
1327 2971 1504 3051 proborum

241 3094 269 3137 et
296 3078 503 3138 ltonestorutn
530 3078 671 3137 virorum
689 3093 754 3137 tota
771 3080 988 3139 connnunitas
1012 3080 1072 3140 sihi
1099 3093 1128 3138 et
1145 3078 1241 3158 capiti
1260 3095 1318 3137 suo
1343 3095 1381 3137 ex
1397 3076 1505 3157 gracia

241 3184 412 3263 specialem
440 3198 581 3243 secarunt
606 3184 757 3261 graciam.

349 3288 425 3347 tzen
458 3308 585 3347 <ausum
620 3304 699 3347 trater
732 3290 910 3349 lolrvnneru
945 3289 1062 3348 l'lskan
1095 3304 1124 3347 et
1156 3289 1292 3348 alterum
1319 3286 1501 3350 lohannem

244 3394 405 3453 latent-'nat
433 3396 559 3453 racione
593 3394 803 3469 strar-namna
838 3396 1091 3471 paratissimum.
1125 3393 1269 3453 'l'homas
1301 3392 1436 3455 Cheden
1471 3410 1502 3454 et

245 3502 252 3557 l
272 3520 345 3557 nrm
370 3518 451 3557 surm
475 3502 552 3558 alas
571 3514 688 3557 naritus
707 3516 892 3578 receperunt
908 3500 946 3557 ni
965 3502 1169 3559 «excordi-sm
1189 3500 1347 3579 usquead
1367 3500 1504 3580 primam

241 3606 327 3663 tiana.
362 3608 558 3666 uati-warnae:

349 3712 423 3770 lictu
453 3712 587 3770 sterben
613 3712 698 3769 hahet·
725 3726 832 3767 <evitis
870 3709 1049 3769 lbet-euseb
1076 3714 1204 3771 rasione
1229 3712 1396 3771 razius-lum
1423 3712 1506 3772 milii

599 3818 603 3827 '
899 3832 958 3873 sa:
986 3832 1017 3874 ·::
1044 3818 1188 3876 debebat

472 4052 565 4120 levia
596 4066 691 4119 setta
721 4054 873 4135 prothus
904 4068 976 4137 peut
1009 4052 1129 4121 testum
1160 4054 1265 4123 lucie,

848 4222 866 4257 ἶ.
891 4224 925 4255 ,η
940 4222 959 4241 ⁸⁵
984 4234 990 4247 ι

666 4346 670 4353 “
875 4362 999 4400 §.essex
1035 4362 1095 4419 qa:
1222 4362 1307 4405 :¹2:11
1335 4362 1416 4407 :utet
1447 4347 1504 4408 ho-

728 4470 732 4477 ·
759 4494 763 4503 ,
792 4468 798 4479 ·
833 4450 898 4503 .·,·’;
933 4467 1075 4523 ..¹gssv·
1101 4448 1227 4527 hiscit.
1246 4452 1505 4533 Segn³equeetc.

1179 4570 1321 4615 'st-‘xre
1348 4558 1507 4619 ”stificatus

815 4676 868 4691 '¹'
889 4676 929 4712 ,Ὁ
944 4676 961 4711 2¹
983 4678 996 4709 .'
1041 4658 1207 4717 χῑκικικὶκ..
1245 4680 1284 4719 dd.
1309 4666 1505 4727 Nzlssloaem

723 4790 735 4813 s
829 4782 845 4797 κ·
869 4788 882 4815 s
907 4776 1020 4838 ,κὴ-..5
1038 4778 1088 4819 :za
1108 4778 1170 4823 :aes
1291 4784 1507 4833 seruaturum
