3488 5272
635 332 721 389 Anno
741 334 832 409 1454.
859 366 901 376 —
926 344 973 408 15.
997 334 1107 393 martii,

559 543 637 604 Item
664 544 860 606 Laurencius
883 563 1003 625 sporar.

559 650 637 711 Item
663 650 853 711 DomInicus
877 665 988 713 sartor.

559 756 637 818 Item
663 752 855 818 Ben'edictus
880 757 1014 820 institor.

558 862 635 924 Item
663 863 824 925 Barnabas
848 863 990 926 sororius
1014 862 1138 925 domini
1164 864 1340 927 Ambrosii.

558 969 636 1031 Item
663 971 780 1031 Paulus
804 969 954 1033 carnifex.

559 1075 637 1137 Item
662 1075 846 1138 Anthonius
870 1074 1058 1157 lutifigulus.

558 1182 637 1243 Item
662 1182 846 1245 Anthonius
870 1180 968 1246 labet.

559 1288 636 1350 Item
662 1289 773 1351 Petrus
797 1301 907 1350 sartor.

559 1394 636 1455 Item
662 1396 849 1457 Franciscus
873 1409 961 1457 sutor
984 1416 1082 1477 gener
1107 1394 1375 1478 llerwoyetvycb.

558 1501 636 1563 Item
661 1502 779 1563 Paulus
803 1517 901 1564 sutor.

560 1607 636 1669 Item
663 1608 801 1669 lacobus
824 1622 922 1671 sutor.

558 1713 635 1775 Item
662 1715 772 1776 Petrus
796 1728 894 1777 sutor.

559 1820 637 1881 Item
661 1821 806 1882 Andreas
833 1835 931 1881 sutor.

558 1925 636 1986 Item
661 1926 785 1986 Blasius
810 1925 946 2009 Glazyn.

557 2033 633 2095 ltem
659 2032 842 2095 Anthonius
866 2048 954 2095 sutor
976 2053 1075 2115 gener
1098 2034 1270 2098 Werchelt.

557 2140 633 2201 Item
660 2140 827 2221 Philippus
847 2153 935 2201 sutor
959 2159 1121 2201 successor
1145 2140 1292 2225 Faytlyn.

557 2245 634 2306 ltem
660 2245 813 2307 Clemens
835 2259 934 2307 sutor.

347 2459 424 2520 Item
457 2456 599 2540 prelatus
630 2457 819 2518 Valentinus
851 2456 945 2537 judex
978 2475 1117 2518 unacum
1149 2455 1300 2538 predictis
1332 2455 1443 2537 juratis
1473 2469 1505 2520 et

241 2566 432 2628 consiliariis
457 2584 529 2626 cum
554 2583 711 2625 consensu
732 2564 876 2625 unanimi
902 2577 932 2625 et
949 2562 1100 2624 concordi
1126 2562 1291 2625 voluntate
1315 2582 1351 2625 ac
1375 2562 1504 2626 decreto

241 2672 343 2733 tocius
367 2670 607 2732 communitatis
641 2670 750 2730 omnia
783 2669 907 2730 decreta
933 2683 1029 2750 atque
1061 2683 1176 2731 statuta
1209 2669 1332 2731 tamin
1364 2670 1503 2752 presenti

241 2798 337 2859 quam
363 2779 394 2838 in
419 2777 559 2858 antIquis
584 2776 721 2837 katernis
738 2790 886 2837 contenta
906 2790 935 2836 ct
952 2775 1130 2857 conscripta
1153 2776 1260 2856 quoad
1286 2794 1400 2838 omnes
1416 2776 1504 2839 clau-

240 2885 335 2961 sulas,
360 2898 475 2964 puncta
501 2897 530 2942 et
555 2882 705 2943 articulos
730 2881 917 2943 eorumdem
943 2895 1132 2943 statutorum
1158 2900 1193 2941 ac
1219 2880 1420 2942 decretorum
1447 2900 1504 2963 per

239 3005 341 3051 totum
367 3010 487 3050 atinum
507 2990 660 3071 presentis
684 2988 841 3065 judicatus
859 2989 958 3068 ipsius
980 2987 1139 3048 Valentini
1158 2986 1272 3066 judicis
1290 3007 1325 3047 ac
1350 2986 1504 3069 deinceps

240 3111 395 3177 perpetuo
420 3110 450 3155 et
476 3095 724 3156 irrevocabiliter
749 3094 977 3155 confirmarunt
1005 3113 1131 3173 semper
1156 3094 1290 3154 valitura
1316 3107 1346 3154 et
1371 3092 1504 3156 firmiter

240 3202 449 3263 observanda.

346 3307 422 3369 ltem
449 3306 531 3367 Isau
558 3306 647 3366 'l'urlt
673 3319 782 3366 contra
816 3306 988 3367 Ilartinum
1017 3325 1126 3386 sporar
1152 3306 1256 3387 primo
1289 3306 1402 3367 citatus
1434 3325 1499 3367 non

240 3412 429 3495 comparuit.

345 3518 421 3578 Item
449 3518 565 3578 l‘aulus
589 3516 770 3599 ,Iagychych
797 3532 905 3579 contra
928 3517 1104 3597 Georgium
1129 3537 1240 3599 sporar
1264 3518 1368 3599 prImo
1386 3517 1499 3579 citatus

238 3644 302 3685 non
328 3625 518 3705 comparuit.

345 3730 421 3792 ltem
446 3730 554 3791 relicta
581 3730 678 3790 Marci
713 3731 830 3811 l'yzani
861 3744 970 3791 contra
1004 3730 1173 3790 Nicolaum
1208 3730 1367 3790 literatum
1393 3728 1498 3810 primo

237 3837 330 3897 citata
356 3855 419 3896 non
444 3837 634 3917 comparuit.

343 3941 418 4001 Item
445 3942 519 4022 quia
553 3942 740 4003 Valentinus
763 3942 883 4018 lilesus,
908 3942 992 4003 lilius
1017 3990 1062 4020 ..,
1089 3944 1281 4005 inhabitator
1314 3943 1396 4002 dicte
1421 3941 1496 4002 civi·

236 4048 319 4124 tatis,
344 4047 374 4107 id
393 4068 466 4108 cunt
491 4046 659 4109 sufficienti
678 4064 708 4109 et
731 4048 894 4129 lidedigno
912 4065 1093 4110 nostrorum
1111 4050 1292 4111 concivium
1311 4048 1497 4109 testimonio

237 4154 332 4215 hodie
369 4154 501 4215 insede
533 4169 639 4215 nostra
669 4154 833 4234 judiciaria
867 4154 1061 4217 sufficienter
1094 4170 1124 4218 et
1156 4158 1237 4217 clare
1262 4174 1370 4215 coram
1404 4154 1497 4215 nobis

236 4260 468 4342 comprobavit,
494 4276 526 4320 ut
552 4260 617 4342 ipse
642 4260 797 4341 quamdam
822 4277 884 4322 tres
918 4263 1087 4343 porciones
1111 4262 1252 4323 vineales
1277 4262 1308 4321 in
1334 4260 1495 4322 territorio

236 4366 372 4427 civitatis
395 4366 548 4447 predicte,
574 4366 658 4441 juxta
683 4381 831 4427 contenta
854 4368 1015 4428 literarum
1041 4367 1290 4449 privilegialium
1325 4366 1495 4447 superinde

236 4493 294 4554 pro
319 4485 405 4554 parte
430 4472 528 4553 ipsius
554 4472 713 4531 Valentini
741 4471 823 4531 illesi
850 4472 1079 4545 confectarum,
1113 4472 1247 4549 habitas,
1272 4492 1333 4553 que
1359 4471 1495 4532 condam

236 4684 431 4766 prefuerunt,
456 4698 487 4747 et
510 4684 549 4745 ad
575 4704 689 4745 manus
714 4682 793 4765 Elve
819 4684 911 4746 Judei
930 4696 1060 4766 propter
1084 4704 1148 4745 non
1173 4683 1374 4745 solucionem
1400 4702 1495 4765 pecu·

236 4792 358 4853 niarum
384 4790 527 4853 eiusdem
554 4790 632 4873 Elye
658 4790 762 4867 ludei,
786 4810 865 4871 quas
886 4790 1057 4852 abeodem
1083 4790 1163 4873 lilya
1181 4788 1284 4850 ludeo
1309 4790 1375 4871 ipse
1396 4790 1495 4850 liene·
