<?xml version="1.0" encoding="UTF-8"?>
<!DOCTYPE html PUBLIC "-//W3C//DTD XHTML 1.0 Transitional//EN"
    "http://www.w3.org/TR/xhtml1/DTD/xhtml1-transitional.dtd">
<html xmlns="http://www.w3.org/1999/xhtml" xml:lang="en" lang="en">
 <head>
  <title>
</title>
<meta http-equiv="Content-Type" content="text/html;charset=utf-8" />
  <meta name='ocr-system' content='tesseract 3.04.00' />
  <meta name='ocr-capabilities' content='ocr_page ocr_carea ocr_par ocr_line ocrx_word'/>
</head>
<body>
  <div class='ocr_page' id='page_1' title='image "./monumentahistor07laszgoog_0154.png"; bbox 0 0 3488 5272; ppageno 0'>
   <div class='ocr_carea' id='block_1_1' title="bbox 651 387 1094 465">
    <p class='ocr_par' dir='ltr' id='par_1_1' title="bbox 651 387 1094 465">
     <span class='ocr_line' id='line_1_1' title="bbox 651 387 1094 465; baseline 0.007 -21"><span class='ocrx_word' id='word_1_1' title='bbox 651 387 843 465; x_wconf 77' lang='lat' dir='ltr'><em>Ann01455.</em></span> <span class='ocrx_word' id='word_1_2' title='bbox 867 421 910 433; x_wconf 91' lang='lat'>·-</span> <span class='ocrx_word' id='word_1_3' title='bbox 933 401 984 448; x_wconf 89' lang='lat'>20.</span> <span class='ocrx_word' id='word_1_4' title='bbox 1001 389 1094 464; x_wconf 71' lang='lat' dir='ltr'>junia</span> 
     </span>
    </p>
   </div>
   <div class='ocr_carea' id='block_1_2' title="bbox 241 597 1502 789">
    <p class='ocr_par' dir='ltr' id='par_1_2' title="bbox 241 597 1502 789">
     <span class='ocr_line' id='line_1_2' title="bbox 345 597 1502 679; baseline -0.001 -15"><span class='ocrx_word' id='word_1_5' title='bbox 345 600 421 664; x_wconf 94' lang='lat' dir='ltr'>ltem</span> <span class='ocrx_word' id='word_1_6' title='bbox 448 599 547 662; x_wconf 86' lang='lat' dir='ltr'>Eleas</span> <span class='ocrx_word' id='word_1_7' title='bbox 572 618 652 661; x_wconf 87' lang='lat' dir='ltr'>uxor</span> <span class='ocrx_word' id='word_1_8' title='bbox 676 599 772 662; x_wconf 80' lang='lat' dir='ltr'>Blasii</span> <span class='ocrx_word' id='word_1_9' title='bbox 804 597 933 660; x_wconf 90' lang='lat' dir='ltr'>sartoris</span> <span class='ocrx_word' id='word_1_10' title='bbox 957 612 1066 660; x_wconf 89' lang='lat' dir='ltr'>contra</span> <span class='ocrx_word' id='word_1_11' title='bbox 1099 602 1257 679; x_wconf 81' lang='lat' dir='ltr'>Agnetem</span> <span class='ocrx_word' id='word_1_12' title='bbox 1283 598 1381 662; x_wconf 86' lang='lat' dir='ltr'>filiam</span> <span class='ocrx_word' id='word_1_13' title='bbox 1409 601 1502 663; x_wconf 90' lang='lat' dir='ltr'>Pauli</span> 
     </span>
     <span class='ocr_line' id='line_1_3' title="bbox 241 705 1191 789; baseline -0.002 -21"><span class='ocrx_word' id='word_1_14' title='bbox 241 707 387 789; x_wconf 89' lang='lat' dir='ltr'>preconis</span> <span class='ocrx_word' id='word_1_15' title='bbox 411 706 486 770; x_wconf 93' lang='lat' dir='ltr'>dicti</span> <span class='ocrx_word' id='word_1_16' title='bbox 511 707 633 769; x_wconf 89' lang='lat' dir='ltr'>Ztanlto</span> <span class='ocrx_word' id='word_1_17' title='bbox 658 706 763 788; x_wconf 93' lang='lat' dir='ltr'>primo</span> <span class='ocrx_word' id='word_1_18' title='bbox 788 705 880 767; x_wconf 90' lang='lat' dir='ltr'>citata</span> <span class='ocrx_word' id='word_1_19' title='bbox 910 724 973 766; x_wconf 91' lang='lat' dir='ltr'>non</span> <span class='ocrx_word' id='word_1_20' title='bbox 999 707 1191 786; x_wconf 83' lang='lat' dir='ltr'><strong>comparuit.</strong></span> 
     </span>
    </p>
   </div>
   <div class='ocr_carea' id='block_1_3' title="bbox 302 905 1443 1105">
    <p class='ocr_par' dir='ltr' id='par_1_3' title="bbox 302 905 1443 1105">
     <span class='ocr_line' id='line_1_4' title="bbox 302 905 1443 998; baseline 0.001 -18"><span class='ocrx_word' id='word_1_21' title='bbox 302 905 397 981; x_wconf 81' lang='lat' dir='ltr'>Faria</span> <span class='ocrx_word' id='word_1_22' title='bbox 425 915 523 980; x_wconf 85' lang='lat' dir='ltr'>sexta</span> <span class='ocrx_word' id='word_1_23' title='bbox 552 912 705 998; x_wconf 83' lang='lat' dir='ltr'>proxima</span> <span class='ocrx_word' id='word_1_24' title='bbox 735 917 811 998; x_wconf 87' lang='lat' dir='ltr'>post</span> <span class='ocrx_word' id='word_1_25' title='bbox 839 907 960 979; x_wconf 85' lang='lat' dir='ltr'>festum</span> <span class='ocrx_word' id='word_1_26' title='bbox 989 915 1184 979; x_wconf 84' lang='lat' dir='ltr'>sanctorum</span> <span class='ocrx_word' id='word_1_27' title='bbox 1214 907 1368 980; x_wconf 83' lang='lat' dir='ltr'>Gervasii</span> <span class='ocrx_word' id='word_1_28' title='bbox 1399 917 1443 981; x_wconf 85' lang='lat' dir='ltr'>el·</span> 
     </span>
     <span class='ocr_line' id='line_1_5' title="bbox 687 1032 1055 1105; baseline -0.005 -1"><span class='ocrx_word' id='word_1_29' title='bbox 687 1032 835 1105; x_wconf 83' lang='lat' dir='ltr'>Pratasii</span> <span class='ocrx_word' id='word_1_30' title='bbox 866 1035 1055 1104; x_wconf 83' lang='lat' dir='ltr'>martirum.</span> 
     </span>
    </p>
   </div>
   <div class='ocr_carea' id='block_1_4' title="bbox 772 1206 960 1282">
    <p class='ocr_par' dir='ltr' id='par_1_4' title="bbox 772 1206 960 1282">
     <span class='ocr_line' id='line_1_6' title="bbox 772 1206 960 1282; baseline 0 -20"><span class='ocrx_word' id='word_1_31' title='bbox 772 1209 835 1278; x_wconf 89' lang='lat'><em>(20.</em></span> <span class='ocrx_word' id='word_1_32' title='bbox 852 1206 960 1282; x_wconf 79' lang='lat' dir='ltr'>junia).</span> 
     </span>
    </p>
   </div>
   <div class='ocr_carea' id='block_1_5' title="bbox 236 1344 1504 4955">
    <p class='ocr_par' dir='ltr' id='par_1_5' title="bbox 236 1344 1504 4422">
     <span class='ocr_line' id='line_1_7' title="bbox 345 1344 1503 1431; baseline 0.001 -24"><span class='ocrx_word' id='word_1_33' title='bbox 345 1346 420 1409; x_wconf 85' lang='lat' dir='ltr'>Item</span> <span class='ocrx_word' id='word_1_34' title='bbox 447 1346 521 1428; x_wconf 88' lang='lat' dir='ltr'>quia</span> <span class='ocrx_word' id='word_1_35' title='bbox 547 1345 747 1426; x_wconf 86' lang='lat' dir='ltr'>Margaretha</span> <span class='ocrx_word' id='word_1_36' title='bbox 781 1344 891 1409; x_wconf 89' lang='lat' dir='ltr'>relicta</span> <span class='ocrx_word' id='word_1_37' title='bbox 920 1345 1056 1408; x_wconf 88' lang='lat' dir='ltr'>condam</span> <span class='ocrx_word' id='word_1_38' title='bbox 1091 1346 1199 1427; x_wconf 82' lang='lat' dir='ltr'>Egidii</span> <span class='ocrx_word' id='word_1_39' title='bbox 1224 1347 1405 1431; x_wconf 82' lang='lat' dir='ltr'>purgatoris</span> <span class='ocrx_word' id='word_1_40' title='bbox 1435 1347 1503 1427; x_wconf 82' lang='lat' dir='ltr'>gla-</span> 
     </span>
     <span class='ocr_line' id='line_1_8' title="bbox 239 1451 1501 1533; baseline -0.001 -18"><span class='ocrx_word' id='word_1_41' title='bbox 239 1453 366 1515; x_wconf 89' lang='lat' dir='ltr'>diorum</span> <span class='ocrx_word' id='word_1_42' title='bbox 393 1451 450 1515; x_wconf 90' lang='lat' dir='ltr'>filii</span> <span class='ocrx_word' id='word_1_43' title='bbox 476 1453 613 1515; x_wconf 92' lang='lat' dir='ltr'>condam</span> <span class='ocrx_word' id='word_1_44' title='bbox 635 1452 725 1514; x_wconf 90' lang='lat' dir='ltr'>Pauli</span> <span class='ocrx_word' id='word_1_45' title='bbox 742 1453 872 1515; x_wconf 89' lang='lat' dir='ltr'>sartoris</span> <span class='ocrx_word' id='word_1_46' title='bbox 889 1452 927 1514; x_wconf 92' lang='lat' dir='ltr'>de</span> <span class='ocrx_word' id='word_1_47' title='bbox 945 1452 1125 1530; x_wconf 85' lang='lat' dir='ltr'>Chrechan,</span> <span class='ocrx_word' id='word_1_48' title='bbox 1146 1473 1231 1515; x_wconf 84' lang='lat' dir='ltr'>aune</span> <span class='ocrx_word' id='word_1_49' title='bbox 1256 1473 1386 1515; x_wconf 89' lang='lat' dir='ltr'>consors</span> <span class='ocrx_word' id='word_1_50' title='bbox 1410 1453 1501 1533; x_wconf 83' lang='lat' dir='ltr'>legit·</span> 
     </span>
     <span class='ocr_line' id='line_1_9' title="bbox 238 1556 1503 1642; baseline -0.002 -20"><span class='ocrx_word' id='word_1_51' title='bbox 238 1560 314 1622; x_wconf 92' lang='lat' dir='ltr'>tima</span> <span class='ocrx_word' id='word_1_52' title='bbox 340 1559 422 1622; x_wconf 88' lang='lat' dir='ltr'>Petri</span> <span class='ocrx_word' id='word_1_53' title='bbox 448 1560 629 1642; x_wconf 81' lang='lat' dir='ltr'>purgatoris</span> <span class='ocrx_word' id='word_1_54' title='bbox 645 1558 827 1641; x_wconf 80' lang='lat' dir='ltr'>gladiorum</span> <span class='ocrx_word' id='word_1_55' title='bbox 852 1558 909 1621; x_wconf 88' lang='lat' dir='ltr'>filii</span> <span class='ocrx_word' id='word_1_56' title='bbox 930 1559 1057 1621; x_wconf 89' lang='lat' dir='ltr'>Martini</span> <span class='ocrx_word' id='word_1_57' title='bbox 1084 1559 1244 1639; x_wconf 89' lang='lat' dir='ltr'>Brathata‚</span> <span class='ocrx_word' id='word_1_58' title='bbox 1268 1559 1300 1621; x_wconf 92' lang='lat' dir='ltr'>id</span> <span class='ocrx_word' id='word_1_59' title='bbox 1318 1578 1390 1621; x_wconf 90' lang='lat' dir='ltr'>cum</span> <span class='ocrx_word' id='word_1_60' title='bbox 1415 1556 1503 1620; x_wconf 83' lang='lat' dir='ltr'>suffi-</span> 
     </span>
     <span class='ocr_line' id='line_1_10' title="bbox 237 1665 1503 1748; baseline -0.002 -21"><span class='ocrx_word' id='word_1_61' title='bbox 237 1666 334 1729; x_wconf 88' lang='lat' dir='ltr'>cienti</span> <span class='ocrx_word' id='word_1_62' title='bbox 358 1680 388 1728; x_wconf 87' lang='lat' dir='ltr'>et</span> <span class='ocrx_word' id='word_1_63' title='bbox 413 1665 578 1748; x_wconf 81' lang='lat' dir='ltr'>fidedigno</span> <span class='ocrx_word' id='word_1_64' title='bbox 603 1682 785 1729; x_wconf 90' lang='lat' dir='ltr'>nostrorum</span> <span class='ocrx_word' id='word_1_65' title='bbox 819 1666 1002 1728; x_wconf 87' lang='lat' dir='ltr'>concivium</span> <span class='ocrx_word' id='word_1_66' title='bbox 1027 1666 1214 1728; x_wconf 89' lang='lat' dir='ltr'>testimonio</span> <span class='ocrx_word' id='word_1_67' title='bbox 1241 1666 1271 1727; x_wconf 93' lang='lat' dir='ltr'>in</span> <span class='ocrx_word' id='word_1_68' title='bbox 1297 1666 1372 1728; x_wconf 88' lang='lat' dir='ltr'>sede</span> <span class='ocrx_word' id='word_1_69' title='bbox 1397 1678 1503 1726; x_wconf 89' lang='lat' dir='ltr'>austra</span> 
     </span>
     <span class='ocr_line' id='line_1_11' title="bbox 238 1771 1504 1856; baseline -0.004 -20"><span class='ocrx_word' id='word_1_70' title='bbox 238 1773 403 1854; x_wconf 85' lang='lat' dir='ltr'>judiciaria</span> <span class='ocrx_word' id='word_1_71' title='bbox 428 1773 511 1836; x_wconf 90' lang='lat' dir='ltr'>clare</span> <span class='ocrx_word' id='word_1_72' title='bbox 536 1788 567 1835; x_wconf 93' lang='lat' dir='ltr'>et</span> <span class='ocrx_word' id='word_1_73' title='bbox 598 1774 715 1836; x_wconf 88' lang='lat' dir='ltr'>seriose</span> <span class='ocrx_word' id='word_1_74' title='bbox 749 1793 856 1836; x_wconf 91' lang='lat' dir='ltr'>coram</span> <span class='ocrx_word' id='word_1_75' title='bbox 886 1773 980 1835; x_wconf 90' lang='lat' dir='ltr'>nobis</span> <span class='ocrx_word' id='word_1_76' title='bbox 1012 1772 1246 1856; x_wconf 83' lang='lat' dir='ltr'>comprobavit,</span> <span class='ocrx_word' id='word_1_77' title='bbox 1277 1785 1311 1834; x_wconf 92' lang='lat' dir='ltr'>ut</span> <span class='ocrx_word' id='word_1_78' title='bbox 1334 1772 1412 1833; x_wconf 94' lang='lat' dir='ltr'>dum</span> <span class='ocrx_word' id='word_1_79' title='bbox 1438 1771 1504 1853; x_wconf 90' lang='lat' dir='ltr'>ipse</span> 
     </span>
     <span class='ocr_line' id='line_1_12' title="bbox 238 1877 1504 1964; baseline -0.003 -21"><span class='ocrx_word' id='word_1_80' title='bbox 238 1879 373 1963; x_wconf 79' lang='lat' dir='ltr'>Egidius</span> <span class='ocrx_word' id='word_1_81' title='bbox 398 1894 549 1964; x_wconf 79' lang='lat' dir='ltr'>purgator</span> <span class='ocrx_word' id='word_1_82' title='bbox 579 1880 763 1962; x_wconf 78' lang='lat' dir='ltr'>gladiorum</span> <span class='ocrx_word' id='word_1_83' title='bbox 796 1881 827 1942; x_wconf 96' lang='lat' dir='ltr'>in</span> <span class='ocrx_word' id='word_1_84' title='bbox 854 1881 1003 1943; x_wconf 81' lang='lat' dir='ltr'>extremis</span> <span class='ocrx_word' id='word_1_85' title='bbox 1028 1880 1091 1941; x_wconf 87' lang='lat' dir='ltr'>vite</span> <span class='ocrx_word' id='word_1_86' title='bbox 1123 1899 1180 1941; x_wconf 90' lang='lat' dir='ltr'>sue</span> <span class='ocrx_word' id='word_1_87' title='bbox 1204 1878 1391 1961; x_wconf 88' lang='lat' dir='ltr'>temporalis</span> <span class='ocrx_word' id='word_1_88' title='bbox 1415 1877 1504 1939; x_wconf 91' lang='lat' dir='ltr'>labo-</span> 
     </span>
     <span class='ocr_line' id='line_1_13' title="bbox 238 1983 1504 2071; baseline -0.004 -22"><span class='ocrx_word' id='word_1_89' title='bbox 238 2001 345 2066; x_wconf 88' lang='lat' dir='ltr'>rasset,</span> <span class='ocrx_word' id='word_1_90' title='bbox 372 2001 448 2051; x_wconf 91' lang='lat' dir='ltr'>tunc</span> <span class='ocrx_word' id='word_1_91' title='bbox 473 1987 540 2071; x_wconf 89' lang='lat' dir='ltr'>ipse</span> <span class='ocrx_word' id='word_1_92' title='bbox 565 1987 769 2050; x_wconf 89' lang='lat' dir='ltr'>medietatem</span> <span class='ocrx_word' id='word_1_93' title='bbox 799 1987 965 2050; x_wconf 89' lang='lat' dir='ltr'>cuiusdam</span> <span class='ocrx_word' id='word_1_94' title='bbox 983 1987 1100 2049; x_wconf 89' lang='lat' dir='ltr'>domus</span> <span class='ocrx_word' id='word_1_95' title='bbox 1124 1999 1155 2048; x_wconf 85' lang='lat' dir='ltr'>et</span> <span class='ocrx_word' id='word_1_96' title='bbox 1177 1986 1329 2047; x_wconf 78' lang='lat' dir='ltr'>stationis</span> <span class='ocrx_word' id='word_1_97' title='bbox 1353 2004 1388 2046; x_wconf 86' lang='lat' dir='ltr'>ac</span> <span class='ocrx_word' id='word_1_98' title='bbox 1413 1983 1504 2046; x_wconf 86' lang='lat' dir='ltr'>fundi</span> 
     </span>
     <span class='ocr_line' id='line_1_14' title="bbox 237 2092 1503 2173; baseline -0.006 -14"><span class='ocrx_word' id='word_1_99' title='bbox 237 2110 268 2159; x_wconf 89' lang='lat' dir='ltr'>et</span> <span class='ocrx_word' id='word_1_100' title='bbox 293 2094 513 2159; x_wconf 88' lang='lat' dir='ltr'>hedificiorum</span> <span class='ocrx_word' id='word_1_101' title='bbox 540 2114 672 2158; x_wconf 89' lang='lat' dir='ltr'>suorum</span> <span class='ocrx_word' id='word_1_102' title='bbox 697 2096 728 2157; x_wconf 94' lang='lat' dir='ltr'>in</span> <span class='ocrx_word' id='word_1_103' title='bbox 762 2095 845 2158; x_wconf 90' lang='lat' dir='ltr'>dicta</span> <span class='ocrx_word' id='word_1_104' title='bbox 878 2096 1006 2157; x_wconf 84' lang='lat' dir='ltr'>civitate</span> <span class='ocrx_word' id='word_1_105' title='bbox 1031 2095 1113 2156; x_wconf 89' lang='lat' dir='ltr'>inter</span> <span class='ocrx_word' id='word_1_106' title='bbox 1144 2093 1279 2154; x_wconf 94' lang='lat' dir='ltr'>domum</span> <span class='ocrx_word' id='word_1_107' title='bbox 1304 2092 1446 2173; x_wconf 84' lang='lat' dir='ltr'>ligneam</span> <span class='ocrx_word' id='word_1_108' title='bbox 1472 2103 1503 2152; x_wconf 91' lang='lat' dir='ltr'>et</span> 
     </span>
     <span class='ocr_line' id='line_1_15' title="bbox 237 2197 1500 2280; baseline -0.006 -16"><span class='ocrx_word' id='word_1_109' title='bbox 237 2203 411 2266; x_wconf 75' lang='lat' dir='ltr'>stacionem</span> <span class='ocrx_word' id='word_1_110' title='bbox 437 2223 472 2265; x_wconf 88' lang='lat' dir='ltr'>ac</span> <span class='ocrx_word' id='word_1_111' title='bbox 497 2201 632 2265; x_wconf 83' lang='lat' dir='ltr'>fundum</span> <span class='ocrx_word' id='word_1_112' title='bbox 659 2216 689 2265; x_wconf 92' lang='lat' dir='ltr'>et</span> <span class='ocrx_word' id='word_1_113' title='bbox 713 2201 860 2265; x_wconf 89' lang='lat' dir='ltr'>hedificia</span> <span class='ocrx_word' id='word_1_114' title='bbox 886 2202 1015 2264; x_wconf 86' lang='lat' dir='ltr'>Thome</span> <span class='ocrx_word' id='word_1_115' title='bbox 1040 2201 1195 2263; x_wconf 88' lang='lat' dir='ltr'>institoris</span> <span class='ocrx_word' id='word_1_116' title='bbox 1218 2219 1235 2260; x_wconf 91' lang='lat' dir='ltr'>a</span> <span class='ocrx_word' id='word_1_117' title='bbox 1259 2197 1500 2280; x_wconf 84' lang='lat' dir='ltr'>septemtrione,</span> 
     </span>
     <span class='ocr_line' id='line_1_16' title="bbox 237 2304 1501 2386; baseline -0.006 -15"><span class='ocrx_word' id='word_1_118' title='bbox 237 2323 269 2372; x_wconf 89' lang='lat' dir='ltr'>et</span> <span class='ocrx_word' id='word_1_119' title='bbox 294 2309 374 2372; x_wconf 89' lang='lat' dir='ltr'>inter</span> <span class='ocrx_word' id='word_1_120' title='bbox 400 2309 534 2372; x_wconf 91' lang='lat' dir='ltr'>domum</span> <span class='ocrx_word' id='word_1_121' title='bbox 560 2325 591 2371; x_wconf 89' lang='lat' dir='ltr'>et</span> <span class='ocrx_word' id='word_1_122' title='bbox 607 2309 782 2371; x_wconf 82' lang='lat' dir='ltr'>stacionem</span> <span class='ocrx_word' id='word_1_123' title='bbox 808 2323 964 2371; x_wconf 89' lang='lat' dir='ltr'>muratam</span> <span class='ocrx_word' id='word_1_124' title='bbox 983 2329 1018 2370; x_wconf 93' lang='lat' dir='ltr'>ac</span> <span class='ocrx_word' id='word_1_125' title='bbox 1036 2306 1184 2370; x_wconf 84' lang='lat' dir='ltr'>hedificia</span> <span class='ocrx_word' id='word_1_126' title='bbox 1208 2305 1363 2368; x_wconf 79' lang='lat' dir='ltr'>iohannis</span> <span class='ocrx_word' id='word_1_127' title='bbox 1387 2304 1501 2386; x_wconf 84' lang='lat' dir='ltr'>judicis</span> 
     </span>
     <span class='ocr_line' id='line_1_17' title="bbox 238 2415 1501 2495; baseline -0.006 -17"><span class='ocrx_word' id='word_1_128' title='bbox 238 2417 313 2479; x_wconf 90' lang='lat' dir='ltr'>dicti</span> <span class='ocrx_word' id='word_1_129' title='bbox 341 2417 456 2481; x_wconf 85' lang='lat' dir='ltr'>Bolsak</span> <span class='ocrx_word' id='word_1_130' title='bbox 480 2438 496 2479; x_wconf 87' lang='lat' dir='ltr'>a</span> <span class='ocrx_word' id='word_1_131' title='bbox 514 2417 694 2480; x_wconf 89' lang='lat' dir='ltr'>meridiane</span> <span class='ocrx_word' id='word_1_132' title='bbox 711 2417 819 2480; x_wconf 90' lang='lat' dir='ltr'>habite</span> <span class='ocrx_word' id='word_1_133' title='bbox 834 2432 875 2480; x_wconf 85' lang='lat' dir='ltr'>-et</span> <span class='ocrx_word' id='word_1_134' title='bbox 891 2417 1065 2495; x_wconf 85' lang='lat' dir='ltr'>existentis,</span> <span class='ocrx_word' id='word_1_135' title='bbox 1089 2435 1186 2477; x_wconf 88' lang='lat' dir='ltr'>unam</span> <span class='ocrx_word' id='word_1_136' title='bbox 1204 2415 1236 2476; x_wconf 92' lang='lat' dir='ltr'>in</span> <span class='ocrx_word' id='word_1_137' title='bbox 1261 2427 1330 2475; x_wconf 85' lang='lat' dir='ltr'>toto</span> <span class='ocrx_word' id='word_1_138' title='bbox 1354 2425 1501 2494; x_wconf 85' lang='lat' dir='ltr'>quartam</span> 
     </span>
     <span class='ocr_line' id='line_1_18' title="bbox 238 2517 1504 2607; baseline -0.007 -21"><span class='ocrx_word' id='word_1_139' title='bbox 238 2523 324 2587; x_wconf 87' lang='lat' dir='ltr'>curie</span> <span class='ocrx_word' id='word_1_140' title='bbox 350 2523 381 2585; x_wconf 93' lang='lat' dir='ltr'>in</span> <span class='ocrx_word' id='word_1_141' title='bbox 407 2544 439 2587; x_wconf 89' lang='lat' dir='ltr'>se</span> <span class='ocrx_word' id='word_1_142' title='bbox 457 2524 662 2603; x_wconf 86' lang='lat' dir='ltr'>contineatis,</span> <span class='ocrx_word' id='word_1_143' title='bbox 680 2525 885 2587; x_wconf 88' lang='lat' dir='ltr'>medietatem</span> <span class='ocrx_word' id='word_1_144' title='bbox 904 2538 938 2586; x_wconf 91' lang='lat' dir='ltr'>ut</span> <span class='ocrx_word' id='word_1_145' title='bbox 959 2524 1134 2607; x_wconf 88' lang='lat' dir='ltr'>predicitur</span> <span class='ocrx_word' id='word_1_146' title='bbox 1158 2536 1274 2584; x_wconf 85' lang='lat' dir='ltr'>rectam</span> <span class='ocrx_word' id='word_1_147' title='bbox 1299 2535 1331 2581; x_wconf 95' lang='lat' dir='ltr'>et</span> <span class='ocrx_word' id='word_1_148' title='bbox 1354 2517 1504 2600; x_wconf 85' lang='lat' dir='ltr'>equalem</span> 
     </span>
     <span class='ocr_line' id='line_1_19' title="bbox 241 2626 1504 2713; baseline -0.006 -21"><span class='ocrx_word' id='word_1_149' title='bbox 241 2630 341 2713; x_wconf 84' lang='lat' dir='ltr'>ipsius</span> <span class='ocrx_word' id='word_1_150' title='bbox 371 2630 488 2692; x_wconf 92' lang='lat' dir='ltr'>domus</span> <span class='ocrx_word' id='word_1_151' title='bbox 513 2644 543 2693; x_wconf 95' lang='lat' dir='ltr'>et</span> <span class='ocrx_word' id='word_1_152' title='bbox 574 2631 725 2693; x_wconf 89' lang='lat' dir='ltr'>stacionis</span> <span class='ocrx_word' id='word_1_153' title='bbox 757 2631 862 2713; x_wconf 80' lang='lat' dir='ltr'>lignee</span> <span class='ocrx_word' id='word_1_154' title='bbox 895 2651 931 2692; x_wconf 92' lang='lat' dir='ltr'>ac</span> <span class='ocrx_word' id='word_1_155' title='bbox 964 2630 1056 2692; x_wconf 83' lang='lat' dir='ltr'>fundi</span> <span class='ocrx_word' id='word_1_156' title='bbox 1088 2644 1119 2691; x_wconf 93' lang='lat' dir='ltr'>et</span> <span class='ocrx_word' id='word_1_157' title='bbox 1150 2626 1372 2690; x_wconf 89' lang='lat' dir='ltr'>hedificiorum</span> <span class='ocrx_word' id='word_1_158' title='bbox 1405 2642 1504 2686; x_wconf 89' lang='lat' dir='ltr'>unam</span> 
     </span>
     <span class='ocr_line' id='line_1_20' title="bbox 237 2730 1502 2819; baseline -0.004 -21"><span class='ocrx_word' id='word_1_159' title='bbox 237 2750 383 2799; x_wconf 86' lang='lat' dir='ltr'>octavam</span> <span class='ocrx_word' id='word_1_160' title='bbox 408 2738 635 2800; x_wconf 89' lang='lat' dir='ltr'>tantummodo</span> <span class='ocrx_word' id='word_1_161' title='bbox 660 2738 691 2799; x_wconf 92' lang='lat' dir='ltr'>in</span> <span class='ocrx_word' id='word_1_162' title='bbox 712 2758 745 2800; x_wconf 91' lang='lat' dir='ltr'>se</span> <span class='ocrx_word' id='word_1_163' title='bbox 767 2739 996 2816; x_wconf 85' lang='lat' dir='ltr'>continentem,</span> <span class='ocrx_word' id='word_1_164' title='bbox 1018 2751 1049 2799; x_wconf 92' lang='lat' dir='ltr'>et</span> <span class='ocrx_word' id='word_1_165' title='bbox 1072 2736 1227 2819; x_wconf 70' lang='lat' dir='ltr'>(mortum</span> <span class='ocrx_word' id='word_1_166' title='bbox 1253 2751 1347 2795; x_wconf 90' lang='lat' dir='ltr'>suum</span> <span class='ocrx_word' id='word_1_167' title='bbox 1369 2730 1502 2793; x_wconf 91' lang='lat' dir='ltr'>totalem</span> 
     </span>
     <span class='ocr_line' id='line_1_21' title="bbox 238 2840 1503 2928; baseline -0.005 -24"><span class='ocrx_word' id='word_1_168' title='bbox 238 2857 322 2906; x_wconf 87' lang='lat' dir='ltr'>retro</span> <span class='ocrx_word' id='word_1_169' title='bbox 347 2863 455 2906; x_wconf 85' lang='lat' dir='ltr'>muros</span> <span class='ocrx_word' id='word_1_170' title='bbox 480 2844 615 2906; x_wconf 88' lang='lat' dir='ltr'>civitatis</span> <span class='ocrx_word' id='word_1_171' title='bbox 640 2844 797 2923; x_wconf 87' lang='lat' dir='ltr'>habitum,</span> <span class='ocrx_word' id='word_1_172' title='bbox 823 2850 943 2928; x_wconf 82' lang='lat' dir='ltr'>pretate</span> <span class='ocrx_word' id='word_1_173' title='bbox 967 2842 1167 2925; x_wconf 87' lang='lat' dir='ltr'>Margarethe</span> <span class='ocrx_word' id='word_1_174' title='bbox 1192 2840 1319 2903; x_wconf 88' lang='lat' dir='ltr'>mulieri</span> <span class='ocrx_word' id='word_1_175' title='bbox 1345 2858 1402 2921; x_wconf 94' lang='lat' dir='ltr'>pro</span> <span class='ocrx_word' id='word_1_176' title='bbox 1427 2852 1503 2899; x_wconf 91' lang='lat' dir='ltr'>tunc</span> 
     </span>
     <span class='ocr_line' id='line_1_22' title="bbox 237 2944 1501 3034; baseline -0.004 -23"><span class='ocrx_word' id='word_1_177' title='bbox 237 2969 293 3011; x_wconf 86' lang='lat' dir='ltr'>sue</span> <span class='ocrx_word' id='word_1_178' title='bbox 329 2951 468 3012; x_wconf 84' lang='lat' dir='ltr'>consorti</span> <span class='ocrx_word' id='word_1_179' title='bbox 507 2949 674 3031; x_wconf 76' lang='lat' dir='ltr'>legavissct</span> <span class='ocrx_word' id='word_1_180' title='bbox 711 2951 778 3030; x_wconf 85' lang='lat' dir='ltr'>jure</span> <span class='ocrx_word' id='word_1_181' title='bbox 811 2951 998 3034; x_wconf 86' lang='lat' dir='ltr'>perhennali</span> <span class='ocrx_word' id='word_1_182' title='bbox 1042 2949 1289 3033; x_wconf 90' lang='lat' dir='ltr'>possidendam;</span> <span class='ocrx_word' id='word_1_183' title='bbox 1327 2944 1501 3028; x_wconf 90' lang='lat' dir='ltr'>predictam</span> 
     </span>
     <span class='ocr_line' id='line_1_23' title="bbox 237 3050 1503 3139; baseline -0.005 -22"><span class='ocrx_word' id='word_1_184' title='bbox 237 3070 344 3118; x_wconf 88' lang='lat' dir='ltr'>autem</span> <span class='ocrx_word' id='word_1_185' title='bbox 378 3056 473 3119; x_wconf 89' lang='lat' dir='ltr'>aliam</span> <span class='ocrx_word' id='word_1_186' title='bbox 507 3058 711 3119; x_wconf 83' lang='lat' dir='ltr'>medietatem</span> <span class='ocrx_word' id='word_1_187' title='bbox 745 3058 866 3139; x_wconf 87' lang='lat' dir='ltr'>prefate</span> <span class='ocrx_word' id='word_1_188' title='bbox 898 3060 1014 3121; x_wconf 89' lang='lat' dir='ltr'>domus</span> <span class='ocrx_word' id='word_1_189' title='bbox 1043 3073 1074 3119; x_wconf 91' lang='lat' dir='ltr'>et</span> <span class='ocrx_word' id='word_1_190' title='bbox 1097 3056 1247 3118; x_wconf 82' lang='lat' dir='ltr'>sturionis</span> <span class='ocrx_word' id='word_1_191' title='bbox 1279 3073 1314 3115; x_wconf 92' lang='lat' dir='ltr'>ac</span> <span class='ocrx_word' id='word_1_192' title='bbox 1347 3050 1439 3113; x_wconf 83' lang='lat' dir='ltr'>fundi</span> <span class='ocrx_word' id='word_1_193' title='bbox 1473 3065 1503 3113; x_wconf 92' lang='lat' dir='ltr'>et</span> 
     </span>
     <span class='ocr_line' id='line_1_24' title="bbox 238 3163 1503 3240; baseline -0.004 -17"><span class='ocrx_word' id='word_1_194' title='bbox 238 3163 472 3238; x_wconf 80' lang='lat' dir='ltr'>laediticiorum,</span> <span class='ocrx_word' id='word_1_195' title='bbox 496 3164 591 3227; x_wconf 85' lang='lat' dir='ltr'>aliam</span> <span class='ocrx_word' id='word_1_196' title='bbox 609 3166 756 3229; x_wconf 87' lang='lat' dir='ltr'>similiter</span> <span class='ocrx_word' id='word_1_197' title='bbox 774 3182 919 3229; x_wconf 78' lang='lat' dir='ltr'>octavam</span> <span class='ocrx_word' id='word_1_198' title='bbox 937 3166 1024 3228; x_wconf 87' lang='lat' dir='ltr'>curie</span> <span class='ocrx_word' id='word_1_199' title='bbox 1042 3167 1073 3226; x_wconf 91' lang='lat' dir='ltr'>in</span> <span class='ocrx_word' id='word_1_200' title='bbox 1091 3185 1123 3226; x_wconf 88' lang='lat' dir='ltr'>se</span> <span class='ocrx_word' id='word_1_201' title='bbox 1149 3165 1378 3237; x_wconf 87' lang='lat' dir='ltr'>continentem,</span> <span class='ocrx_word' id='word_1_202' title='bbox 1393 3163 1503 3240; x_wconf 81' lang='lat' dir='ltr'>Augu-</span> 
     </span>
     <span class='ocr_line' id='line_1_25' title="bbox 236 3270 1503 3351; baseline -0.002 -22"><span class='ocrx_word' id='word_1_203' title='bbox 236 3271 321 3331; x_wconf 89' lang='lat' dir='ltr'>stino</span> <span class='ocrx_word' id='word_1_204' title='bbox 346 3270 431 3332; x_wconf 82' lang='lat' dir='ltr'>dicto</span> <span class='ocrx_word' id='word_1_205' title='bbox 458 3271 565 3334; x_wconf 81' lang='lat' dir='ltr'>Kusne</span> <span class='ocrx_word' id='word_1_206' title='bbox 591 3271 658 3334; x_wconf 88' lang='lat' dir='ltr'>tilio</span> <span class='ocrx_word' id='word_1_207' title='bbox 685 3273 785 3348; x_wconf 81' lang='lat' dir='ltr'>Pauli,</span> <span class='ocrx_word' id='word_1_208' title='bbox 809 3275 927 3335; x_wconf 85' lang='lat' dir='ltr'>seniori</span> <span class='ocrx_word' id='word_1_209' title='bbox 954 3273 1050 3351; x_wconf 76' lang='lat' dir='ltr'>judici</span> <span class='ocrx_word' id='word_1_210' title='bbox 1076 3287 1106 3334; x_wconf 89' lang='lat' dir='ltr'>et</span> <span class='ocrx_word' id='word_1_211' title='bbox 1130 3271 1253 3333; x_wconf 83' lang='lat' dir='ltr'>conciri</span> <span class='ocrx_word' id='word_1_212' title='bbox 1280 3283 1389 3330; x_wconf 87' lang='lat' dir='ltr'>nostro</span> <span class='ocrx_word' id='word_1_213' title='bbox 1421 3279 1503 3327; x_wconf 89' lang='lat' dir='ltr'>tam·</span> 
     </span>
     <span class='ocr_line' id='line_1_26' title="bbox 237 3374 1503 3457; baseline -0.003 -21"><span class='ocrx_word' id='word_1_214' title='bbox 237 3396 333 3457; x_wconf 65' lang='grc' dir='ltr'><strong>ιιιιιιιιι</strong></span> <span class='ocrx_word' id='word_1_215' title='bbox 360 3379 580 3441; x_wconf 83' lang='lat' dir='ltr'>commissario</span> <span class='ocrx_word' id='word_1_216' title='bbox 606 3395 635 3440; x_wconf 83' lang='lat' dir='ltr'>at</span> <span class='ocrx_word' id='word_1_217' title='bbox 660 3383 821 3443; x_wconf 81' lang='lat' dir='ltr'>executori</span> <span class='ocrx_word' id='word_1_218' title='bbox 847 3382 1027 3443; x_wconf 81' lang='lat' dir='ltr'>testamenti</span> <span class='ocrx_word' id='word_1_219' title='bbox 1062 3381 1109 3441; x_wconf 85' lang='lat' dir='ltr'>sui</span> <span class='ocrx_word' id='word_1_220' title='bbox 1136 3378 1284 3452; x_wconf 74' lang='lat' dir='ltr'>verbalis,</span> <span class='ocrx_word' id='word_1_221' title='bbox 1309 3374 1446 3436; x_wconf 81' lang='lat' dir='ltr'>vendere</span> <span class='ocrx_word' id='word_1_222' title='bbox 1472 3385 1503 3432; x_wconf 90' lang='lat' dir='ltr'>et</span> 
     </span>
     <span class='ocr_line' id='line_1_27' title="bbox 238 3481 1502 3570; baseline -0.002 -27"><span class='ocrx_word' id='word_1_223' title='bbox 238 3482 344 3544; x_wconf 74' lang='lat' dir='ltr'>alcbita</span> <span class='ocrx_word' id='word_1_224' title='bbox 370 3503 425 3545; x_wconf 84' lang='lat' dir='ltr'>sua</span> <span class='ocrx_word' id='word_1_225' title='bbox 444 3487 626 3565; x_wconf 76' lang='lat' dir='ltr'>persolvere</span> <span class='ocrx_word' id='word_1_226' title='bbox 646 3487 832 3569; x_wconf 62' lang='lat' dir='ltr'>legaris-sen</span> <span class='ocrx_word' id='word_1_227' title='bbox 857 3489 995 3570; x_wconf 74' lang='lat' dir='ltr'>itlenque</span> <span class='ocrx_word' id='word_1_228' title='bbox 1020 3507 1079 3548; x_wconf 85' lang='lat' dir='ltr'>nos</span> <span class='ocrx_word' id='word_1_229' title='bbox 1096 3486 1271 3568; x_wconf 87' lang='lat' dir='ltr'>predictam</span> <span class='ocrx_word' id='word_1_230' title='bbox 1297 3481 1502 3543; x_wconf 88' lang='lat' dir='ltr'>medietatem</span> 
     </span>
     <span class='ocr_line' id='line_1_28' title="bbox 238 3588 1502 3657; baseline -0.001 -9"><span class='ocrx_word' id='word_1_231' title='bbox 238 3588 352 3650; x_wconf 83' lang='lat' dir='ltr'>dumus</span> <span class='ocrx_word' id='word_1_232' title='bbox 377 3605 406 3650; x_wconf 85' lang='lat' dir='ltr'>rt</span> <span class='ocrx_word' id='word_1_233' title='bbox 431 3593 582 3654; x_wconf 73' lang='lat' dir='ltr'>stationis</span> <span class='ocrx_word' id='word_1_234' title='bbox 603 3613 638 3654; x_wconf 85' lang='lat' dir='ltr'>ac</span> <span class='ocrx_word' id='word_1_235' title='bbox 665 3592 754 3655; x_wconf 81' lang='lat' dir='ltr'>l&#39;undi</span> <span class='ocrx_word' id='word_1_236' title='bbox 781 3612 809 3657; x_wconf 87' lang='lat' dir='ltr'>et</span> <span class='ocrx_word' id='word_1_237' title='bbox 845 3595 1067 3657; x_wconf 81' lang='lat' dir='ltr'>heditlciurum</span> <span class='ocrx_word' id='word_1_238' title='bbox 1102 3595 1198 3654; x_wconf 82' lang='lat' dir='ltr'>unius</span> <span class='ocrx_word' id='word_1_239' title='bbox 1221 3605 1332 3652; x_wconf 80' lang='lat' dir='ltr'>octave</span> <span class='ocrx_word' id='word_1_240' title='bbox 1356 3589 1441 3649; x_wconf 88' lang='lat' dir='ltr'>curie</span> <span class='ocrx_word' id='word_1_241' title='bbox 1465 3606 1502 3648; x_wconf 85' lang='lat' dir='ltr'>ac</span> 
     </span>
     <span class='ocr_line' id='line_1_29' title="bbox 238 3694 1502 3782; baseline -0.002 -26"><span class='ocrx_word' id='word_1_242' title='bbox 238 3695 390 3775; x_wconf 67' lang='lat' dir='ltr'>tltlortam</span> <span class='ocrx_word' id='word_1_243' title='bbox 424 3699 601 3777; x_wconf 79' lang='lat' dir='ltr'>predictum</span> <span class='ocrx_word' id='word_1_244' title='bbox 637 3720 709 3762; x_wconf 81' lang='lat' dir='ltr'>cnm</span> <span class='ocrx_word' id='word_1_245' title='bbox 735 3704 799 3762; x_wconf 81' lang='lat' dir='ltr'>satis</span> <span class='ocrx_word' id='word_1_246' title='bbox 832 3702 1023 3764; x_wconf 82' lang='lat' dir='ltr'>utilitatibus</span> <span class='ocrx_word' id='word_1_247' title='bbox 1055 3715 1086 3762; x_wconf 92' lang='lat' dir='ltr'>et</span> <span class='ocrx_word' id='word_1_248' title='bbox 1118 3696 1323 3782; x_wconf 84' lang='lat' dir='ltr'>pertinenciis</span> <span class='ocrx_word' id='word_1_249' title='bbox 1347 3694 1502 3756; x_wconf 84' lang='lat' dir='ltr'>universis</span> 
     </span>
     <span class='ocr_line' id='line_1_30' title="bbox 239 3801 1501 3891; baseline -0.002 -29"><span class='ocrx_word' id='word_1_250' title='bbox 239 3801 358 3882; x_wconf 79' lang='lat' dir='ltr'>pretate</span> <span class='ocrx_word' id='word_1_251' title='bbox 386 3803 584 3884; x_wconf 69' lang='lat' dir='ltr'>llaraarctlte</span> <span class='ocrx_word' id='word_1_252' title='bbox 611 3806 736 3868; x_wconf 79' lang='lat' dir='ltr'>ntulirri</span> <span class='ocrx_word' id='word_1_253' title='bbox 760 3810 928 3870; x_wconf 83' lang='lat' dir='ltr'>statuitnns</span> <span class='ocrx_word' id='word_1_254' title='bbox 945 3823 1101 3891; x_wconf 87' lang='lat' dir='ltr'>perpetuo</span> <span class='ocrx_word' id='word_1_255' title='bbox 1118 3803 1345 3889; x_wconf 81' lang='lat' dir='ltr'>possidendam</span> <span class='ocrx_word' id='word_1_256' title='bbox 1373 3816 1404 3862; x_wconf 90' lang='lat' dir='ltr'>et</span> <span class='ocrx_word' id='word_1_257' title='bbox 1420 3819 1501 3882; x_wconf 93' lang='lat' dir='ltr'>quo·</span> 
     </span>
     <span class='ocr_line' id='line_1_31' title="bbox 239 3908 1502 3995; baseline -0.001 -27"><span class='ocrx_word' id='word_1_258' title='bbox 239 3908 478 3991; x_wconf 67' lang='lat' dir='ltr'>ntaadurutntptc</span> <span class='ocrx_word' id='word_1_259' title='bbox 505 3913 639 3974; x_wconf 72' lang='lat' dir='ltr'>antrat-tr</span> <span class='ocrx_word' id='word_1_260' title='bbox 665 3914 899 3995; x_wconf 72' lang='lat' dir='ltr'>disputandam</span> <span class='ocrx_word' id='word_1_261' title='bbox 927 3917 1011 3981; x_wconf 72' lang='lat' dir='ltr'>iuxta</span> <span class='ocrx_word' id='word_1_262' title='bbox 1029 3915 1253 3976; x_wconf 82' lang='lat' dir='ltr'>condicionem</span> <span class='ocrx_word' id='word_1_263' title='bbox 1279 3909 1414 3972; x_wconf 83' lang='lat' dir='ltr'>civitatis</span> <span class='ocrx_word' id='word_1_264' title='bbox 1431 3926 1502 3989; x_wconf 93' lang='lat' dir='ltr'>pre-</span> 
     </span>
     <span class='ocr_line' id='line_1_32' title="bbox 239 4016 1502 4103; baseline 0.002 -30"><span class='ocrx_word' id='word_1_265' title='bbox 239 4029 346 4075; x_wconf 82' lang='lat' dir='ltr'>notate</span> <span class='ocrx_word' id='word_1_266' title='bbox 371 4019 410 4075; x_wconf 78' lang='lat' dir='ltr'>aa</span> <span class='ocrx_word' id='word_1_267' title='bbox 435 4020 569 4099; x_wconf 70' lang='lat' dir='ltr'>antiquo</span> <span class='ocrx_word' id='word_1_268' title='bbox 603 4024 824 4100; x_wconf 73' lang='lat' dir='ltr'>approbatam.</span> <span class='ocrx_word' id='word_1_269' title='bbox 857 4024 1011 4103; x_wconf 81' lang='lat' dir='ltr'>prelatum</span> <span class='ocrx_word' id='word_1_270' title='bbox 1037 4037 1143 4083; x_wconf 86' lang='lat' dir='ltr'>autem</span> <span class='ocrx_word' id='word_1_271' title='bbox 1177 4021 1272 4080; x_wconf 88' lang='lat' dir='ltr'>aliam</span> <span class='ocrx_word' id='word_1_272' title='bbox 1298 4016 1502 4078; x_wconf 82' lang='lat' dir='ltr'>medietatem</span> 
     </span>
     <span class='ocr_line' id='line_1_33' title="bbox 239 4120 1502 4190; baseline 0.002 -10"><span class='ocrx_word' id='word_1_273' title='bbox 239 4120 382 4182; x_wconf 79' lang='lat' dir='ltr'>eiusdem</span> <span class='ocrx_word' id='word_1_274' title='bbox 409 4124 524 4184; x_wconf 82' lang='lat' dir='ltr'>domus</span> <span class='ocrx_word' id='word_1_275' title='bbox 550 4142 577 4186; x_wconf 84' lang='lat' dir='ltr'>rt</span> <span class='ocrx_word' id='word_1_276' title='bbox 605 4130 754 4187; x_wconf 73' lang='lat' dir='ltr'>stationis</span> <span class='ocrx_word' id='word_1_277' title='bbox 779 4150 814 4189; x_wconf 82' lang='lat' dir='ltr'>ar</span> <span class='ocrx_word' id='word_1_278' title='bbox 845 4128 933 4189; x_wconf 68' lang='lat' dir='ltr'>t‘nadi</span> <span class='ocrx_word' id='word_1_279' title='bbox 969 4146 997 4190; x_wconf 86' lang='lat' dir='ltr'>et</span> <span class='ocrx_word' id='word_1_280' title='bbox 1024 4127 1246 4188; x_wconf 77' lang='lat' dir='ltr'>laediticiorum</span> <span class='ocrx_word' id='word_1_281' title='bbox 1271 4125 1367 4185; x_wconf 89' lang='lat' dir='ltr'>unius</span> <span class='ocrx_word' id='word_1_282' title='bbox 1390 4136 1502 4184; x_wconf 85' lang='lat' dir='ltr'>octave</span> 
     </span>
     <span class='ocr_line' id='line_1_34' title="bbox 239 4232 1502 4316; baseline 0.004 -30"><span class='ocrx_word' id='word_1_283' title='bbox 239 4232 325 4289; x_wconf 77' lang='lat' dir='ltr'>ratrie</span> <span class='ocrx_word' id='word_1_284' title='bbox 350 4248 422 4289; x_wconf 77' lang='lat' dir='ltr'>cnm</span> <span class='ocrx_word' id='word_1_285' title='bbox 449 4251 514 4290; x_wconf 80' lang='lat' dir='ltr'>satra</span> <span class='ocrx_word' id='word_1_286' title='bbox 540 4233 730 4293; x_wconf 73' lang='lat' dir='ltr'>utilitatibus</span> <span class='ocrx_word' id='word_1_287' title='bbox 755 4251 782 4295; x_wconf 80' lang='lat' dir='ltr'>ut</span> <span class='ocrx_word' id='word_1_288' title='bbox 810 4239 1015 4316; x_wconf 68' lang='lat' dir='ltr'>pertinencias</span> <span class='ocrx_word' id='word_1_289' title='bbox 1045 4236 1200 4296; x_wconf 79' lang='lat' dir='ltr'>unia-ersis</span> <span class='ocrx_word' id='word_1_290' title='bbox 1225 4232 1368 4315; x_wconf 80' lang='lat' dir='ltr'>predicto</span> <span class='ocrx_word' id='word_1_291' title='bbox 1391 4234 1502 4311; x_wconf 72' lang='lat' dir='ltr'>Augu·</span> 
     </span>
     <span class='ocr_line' id='line_1_35' title="bbox 239 4334 1502 4422; baseline 0.006 -30"><span class='ocrx_word' id='word_1_292' title='bbox 239 4334 322 4394; x_wconf 80' lang='lat' dir='ltr'>stiam</span> <span class='ocrx_word' id='word_1_293' title='bbox 350 4336 457 4396; x_wconf 64' lang='lat' dir='ltr'>tarsae</span> <span class='ocrx_word' id='word_1_294' title='bbox 482 4353 651 4399; x_wconf 75' lang='lat' dir='ltr'>statuamus</span> <span class='ocrx_word' id='word_1_295' title='bbox 676 4344 877 4403; x_wconf 64' lang='lat' dir='ltr'>taratantara</span> <span class='ocrx_word' id='word_1_296' title='bbox 903 4358 932 4404; x_wconf 79' lang='lat' dir='ltr'>et</span> <span class='ocrx_word' id='word_1_297' title='bbox 959 4345 1057 4404; x_wconf 76' lang='lat' dir='ltr'>aiolo</span> <span class='ocrx_word' id='word_1_298' title='bbox 1075 4343 1230 4422; x_wconf 81' lang='lat' dir='ltr'>premisso</span> <span class='ocrx_word' id='word_1_299' title='bbox 1255 4338 1502 4419; x_wconf 87' lang='lat' dir='ltr'>disponendam.</span> 
     </span>
    </p>

    <p class='ocr_par' dir='ltr' id='par_1_6' title="bbox 240 4440 1503 4955">
     <span class='ocr_line' id='line_1_36' title="bbox 347 4440 1503 4529; baseline 0.004 -30"><span class='ocrx_word' id='word_1_300' title='bbox 347 4440 422 4501; x_wconf 84' lang='lat' dir='ltr'>ltrut</span> <span class='ocrx_word' id='word_1_301' title='bbox 440 4462 513 4523; x_wconf 70' lang='lat' dir='ltr'>quta</span> <span class='ocrx_word' id='word_1_302' title='bbox 534 4445 642 4504; x_wconf 69' lang='lat' dir='ltr'>Petrus</span> <span class='ocrx_word' id='word_1_303' title='bbox 661 4447 833 4515; x_wconf 76' lang='lat' dir='ltr'>tittndarla.</span> <span class='ocrx_word' id='word_1_304' title='bbox 857 4470 942 4509; x_wconf 75' lang='lat' dir='ltr'>auno</span> <span class='ocrx_word' id='word_1_305' title='bbox 964 4464 1062 4509; x_wconf 72' lang='lat' dir='ltr'>terem</span> <span class='ocrx_word' id='word_1_306' title='bbox 1080 4464 1224 4529; x_wconf 81' lang='lat' dir='ltr'>ternpore</span> <span class='ocrx_word' id='word_1_307' title='bbox 1242 4447 1398 4515; x_wconf 75' lang='lat' dir='ltr'>iudicatus</span> <span class='ocrx_word' id='word_1_308' title='bbox 1414 4442 1503 4505; x_wconf 87' lang='lat' dir='ltr'>Con·</span> 
     </span>
     <span class='ocr_line' id='line_1_37' title="bbox 241 4547 1502 4636; baseline 0.006 -32"><span class='ocrx_word' id='word_1_309' title='bbox 241 4547 307 4606; x_wconf 79' lang='lat' dir='ltr'>radi</span> <span class='ocrx_word' id='word_1_310' title='bbox 336 4547 459 4609; x_wconf 75' lang='lat' dir='ltr'>llaasat</span> <span class='ocrx_word' id='word_1_311' title='bbox 489 4570 623 4610; x_wconf 69' lang='grc' dir='ltr'><strong>ιιιιιιιιιι</strong></span> <span class='ocrx_word' id='word_1_312' title='bbox 642 4553 754 4613; x_wconf 57' lang='lat' dir='ltr'>tritta-rs</span> <span class='ocrx_word' id='word_1_313' title='bbox 776 4572 803 4615; x_wconf 85' lang='lat' dir='ltr'>rt</span> <span class='ocrx_word' id='word_1_314' title='bbox 830 4556 1098 4621; x_wconf 58' lang='lat' dir='ltr'>rtattriatsaustri.</span> <span class='ocrx_word' id='word_1_315' title='bbox 1122 4551 1389 4636; x_wconf 71' lang='lat' dir='ltr'>proquibusdam</span> <span class='ocrx_word' id='word_1_316' title='bbox 1407 4551 1502 4612; x_wconf 84' lang='lat' dir='ltr'>rebus</span> 
     </span>
     <span class='ocr_line' id='line_1_38' title="bbox 240 4653 1501 4742; baseline 0.006 -32"><span class='ocrx_word' id='word_1_317' title='bbox 240 4653 304 4711; x_wconf 78' lang='lat' dir='ltr'>stria</span> <span class='ocrx_word' id='word_1_318' title='bbox 329 4654 475 4716; x_wconf 77' lang='lat' dir='ltr'>anleltret</span> <span class='ocrx_word' id='word_1_319' title='bbox 501 4678 559 4736; x_wconf 79' lang='lat' dir='ltr'>pru</span> <span class='ocrx_word' id='word_1_320' title='bbox 584 4677 645 4719; x_wconf 81' lang='lat' dir='ltr'>una</span> <span class='ocrx_word' id='word_1_321' title='bbox 671 4681 752 4741; x_wconf 66' lang='lat' dir='ltr'>equs</span> <span class='ocrx_word' id='word_1_322' title='bbox 778 4678 805 4722; x_wconf 83' lang='lat' dir='ltr'>rt</span> <span class='ocrx_word' id='word_1_323' title='bbox 833 4682 890 4741; x_wconf 77' lang='lat' dir='ltr'>pro</span> <span class='ocrx_word' id='word_1_324' title='bbox 911 4662 996 4722; x_wconf 54' lang='lat' dir='ltr'>XXX</span> <span class='ocrx_word' id='word_1_325' title='bbox 1023 4662 1135 4721; x_wconf 80' lang='lat' dir='ltr'>solidis</span> <span class='ocrx_word' id='word_1_326' title='bbox 1158 4681 1195 4721; x_wconf 83' lang='lat' dir='ltr'>sc</span> <span class='ocrx_word' id='word_1_327' title='bbox 1220 4679 1279 4742; x_wconf 84' lang='lat' dir='ltr'>pro</span> <span class='ocrx_word' id='word_1_328' title='bbox 1303 4677 1370 4720; x_wconf 89' lang='lat' dir='ltr'>uno</span> <span class='ocrx_word' id='word_1_329' title='bbox 1394 4657 1501 4719; x_wconf 83' lang='lat' dir='ltr'>lodice</span> 
     </span>
     <span class='ocr_line' id='line_1_39' title="bbox 240 4760 1497 4849; baseline 0.006 -31"><span class='ocrx_word' id='word_1_330' title='bbox 240 4778 312 4820; x_wconf 78' lang='lat' dir='ltr'>rum</span> <span class='ocrx_word' id='word_1_331' title='bbox 340 4760 432 4821; x_wconf 70' lang='lat' dir='ltr'>Petro</span> <span class='ocrx_word' id='word_1_332' title='bbox 456 4780 562 4825; x_wconf 73' lang='lat' dir='ltr'>saltare</span> <span class='ocrx_word' id='word_1_333' title='bbox 587 4786 717 4827; x_wconf 71' lang='grc' dir='ltr'><strong>ιιιιιιιιι</strong></span> <span class='ocrx_word' id='word_1_334' title='bbox 745 4784 853 4829; x_wconf 78' lang='lat' dir='ltr'>tanstro</span> <span class='ocrx_word' id='word_1_335' title='bbox 886 4766 953 4829; x_wconf 75' lang='lat' dir='ltr'>tilio</span> <span class='ocrx_word' id='word_1_336' title='bbox 979 4768 1116 4829; x_wconf 63' lang='lat' dir='ltr'>carradam</span> <span class='ocrx_word' id='word_1_337' title='bbox 1143 4766 1297 4849; x_wconf 75' lang='lat' dir='ltr'>Stephani</span> <span class='ocrx_word' id='word_1_338' title='bbox 1322 4762 1497 4847; x_wconf 73' lang='lat' dir='ltr'>Saeclaych</span> 
     </span>
     <span class='ocr_line' id='line_1_40' title="bbox 240 4864 1501 4955; baseline 0.01 -30"><span class='ocrx_word' id='word_1_339' title='bbox 240 4864 329 4927; x_wconf 75' lang='lat' dir='ltr'>ulam</span> <span class='ocrx_word' id='word_1_340' title='bbox 355 4867 451 4930; x_wconf 70' lang='lat' dir='ltr'>satra</span> <span class='ocrx_word' id='word_1_341' title='bbox 477 4890 508 4929; x_wconf 91' lang='grc' dir='ltr'>ιιι</span> <span class='ocrx_word' id='word_1_342' title='bbox 536 4872 787 4937; x_wconf 68' lang='lat' dir='ltr'>alutaelaaare</span> <span class='ocrx_word' id='word_1_343' title='bbox 822 4875 977 4955; x_wconf 68' lang='lat' dir='ltr'>lingebat.</span> <span class='ocrx_word' id='word_1_344' title='bbox 1001 4888 1076 4935; x_wconf 85' lang='lat' dir='ltr'>tuac</span> <span class='ocrx_word' id='word_1_345' title='bbox 1108 4893 1168 4935; x_wconf 77' lang='lat' dir='ltr'>noa</span> <span class='ocrx_word' id='word_1_346' title='bbox 1190 4893 1254 4935; x_wconf 78' lang='lat' dir='ltr'>una</span> <span class='ocrx_word' id='word_1_347' title='bbox 1277 4890 1353 4935; x_wconf 86' lang='lat' dir='ltr'>cum</span> <span class='ocrx_word' id='word_1_348' title='bbox 1375 4868 1501 4955; x_wconf 75' lang='lat' dir='ltr'>prefato</span> 
     </span>
    </p>
   </div>
   <div class='ocr_carea' id='block_1_6' title="bbox 0 0 1749 5272">
    <p class='ocr_par' dir='ltr' id='par_1_7' title="bbox 0 0 1749 5272">
     <span class='ocr_line' id='line_1_41' title="bbox 0 0 1749 5272; baseline 0 0"><span class='ocrx_word' id='word_1_349' title='bbox 0 0 1749 5272; x_wconf 95' lang='lat' dir='ltr'> </span> 
     </span>
    </p>
   </div>
  </div>
 </body>
</html>
