3464 5266
628 328 715 384 Anno
737 336 829 402 1479.
854 360 896 369 -
919 340 970 387 20.
995 327 1108 400 aprilis.
1435 326 1498 407 487

234 539 329 600 tritici
353 537 535 619 persolvere
560 537 700 599 deberet.
726 538 803 599 Item
828 537 940 598 eadent
964 536 1061 598 Lucia
1087 535 1166 598 lassa
1192 552 1237 598 est
1262 557 1301 598 eo
1327 537 1436 615 mod0‚
1466 552 1499 598 ut

236 644 425 705 Valentinus
449 641 533 703 lilius
557 663 632 703 suus
666 645 810 704 intrasset
842 645 912 704 sub·
934 656 1058 725 portam
1092 643 1177 703 curie
1207 643 1363 704 lohannis
1388 643 1498 704 Passar

235 764 265 812 et
286 751 345 810 sibi
371 749 544 810 Valentino
569 749 681 811 eadem
706 749 796 811 Jellra
821 749 937 810 ancilla
962 768 1034 810 cum
1058 768 1122 809 uno
1148 749 1226 831 pilio
1250 749 1290 809 de
1315 750 1380 810 sale
1399 750 1499 831 ipsius

237 855 393 917 lohannis
418 856 512 916 Pasar
536 855 687 933 dedisset,
713 870 743 917 et
767 857 811 916 sic
835 857 895 916 sub
924 854 1037 916 cadem
1071 869 1161 938 porta
1187 856 1272 916 curie
1297 856 1444 917 exivisset
1469 871 1499 919 et

235 964 340 1044 ipsum
365 961 411 1022 sal
436 961 496 1022 sibi
522 961 621 1022 Lucie
647 961 739 1023 matri
772 982 828 1023 sue
857 962 896 1022 ad
929 961 1063 1023 domum
1089 975 1255 1043 portasset,
1287 977 1390 1024 cetera
1422 963 1499 1025 dicit

235 1070 370 1149 ignorat.

340 1174 417 1235 Item
443 1172 555 1234 eadem
582 1173 679 1233 Lucia
705 1172 822 1234 mulier
854 1173 886 1234 in
911 1187 1075 1235 tormento
1110 1175 1186 1235 dum
1211 1189 1308 1237 tracta
1334 1174 1394 1236 luit
1418 1174 1499 1236 lassa

234 1295 279 1342 est
304 1300 343 1342 eo
368 1280 477 1358 mod0‚
502 1293 536 1340 ut
568 1279 681 1340 eadem
714 1279 829 1340 ancilla
855 1279 894 1339 de
927 1279 1025 1341 domo
1058 1280 1203 1342 eiusdem
1237 1282 1377 1343 mediam
1411 1301 1497 1342 men·

232 1406 339 1448 suram
364 1387 403 1447 de
428 1386 533 1447 tritico
558 1385 713 1446 lohannis
737 1386 848 1446 Passar
884 1386 923 1446 ad
959 1386 1093 1447 domum
1118 1387 1255 1449 Dionisii
1288 1389 1417 1449 sartoris
1441 1406 1498 1469 pro

233 1493 370 1575 panibus
393 1492 531 1574 portavit
555 1511 613 1573 pro
639 1511 737 1553 uxore
759 1491 903 1553 eiusdem
929 1491 1068 1553 Dionisii
1087 1493 1226 1571 sartoris,
1251 1508 1282 1554 et
1307 1494 1385 1555 dixit
1409 1494 1498 1575 quod

233 1599 300 1681 ipsa
326 1618 405 1659 uxor
434 1597 547 1679 prefati
580 1597 718 1659 Dionisii
751 1598 880 1658 sartoris
911 1612 1027 1659 eotunc
1059 1611 1203 1681 tempore
1236 1619 1300 1661 non
1327 1598 1386 1661 luit
1410 1600 1497 1660 domi

233 1704 292 1765 nisi
320 1702 379 1765 fuit
403 1704 434 1763 in
461 1702 532 1764 ioro
557 1723 656 1785 penes
680 1703 789 1764 oleum
814 1723 908 1764 suum
935 1705 988 1764 ubi
1015 1704 1183 1766 vendebat.

340 1811 417 1872 ltem
443 1830 536 1871 causa
563 1830 620 1891 pro
645 1823 732 1891 parte
751 1809 895 1870 eiusdem
921 1810 1020 1871 Lucie
1039 1812 1146 1872 uxoris
1171 1812 1271 1893 ipsius
1296 1812 1419 1873 Nicolai
1439 1831 1497 1894 pro

234 1917 398 1978 furticinio
423 1917 637 1998 suprascripto
663 1916 755 1996 jurati
778 1915 1055 1994 adjudicaverunt,
1073 1918 1162 1998 quod
1187 1918 1254 1999 ipsa
1281 1919 1378 1979 Lucia
1403 1919 1498 1979 debet

235 2023 350 2105 privari
376 2023 471 2083 unius
496 2022 636 2082 auricule
665 2037 694 2082 et
719 2021 759 2082 de
791 2021 918 2083 civitate
943 2037 973 2085 et
997 2023 1065 2083 eius
1095 2023 1256 2085 territorio
1281 2037 1366 2085 extra
1392 2024 1497 2106 expel-

233 2130 316 2191 latur
341 2143 370 2188 et
395 2127 457 2207 jam
477 2127 624 2187 introitus
655 2127 715 2187 sibi
735 2126 833 2187 Lucie
850 2127 986 2187 civitatis
1003 2142 1033 2190 et
1050 2129 1118 2189 eius
1135 2129 1283 2190 territorii
1301 2128 1497 2210 prohibetur.

340 2233 418 2294 ltem
444 2252 537 2293 causa
561 2252 618 2314 pro
652 2247 740 2314 parte
766 2232 918 2314 Stephani
953 2232 1179 2318 Horuoyeuicz
1214 2234 1341 2295 racione
1373 2248 1402 2294 et
1428 2254 1497 2315 pre-

233 2355 318 2402 textu
344 2340 511 2401 cuiusdam
537 2358 655 2415 rerum,
673 2338 822 2400 videlicet
846 2354 933 2420 parte
959 2359 1031 2400 cum
1050 2338 1110 2400 filis
1127 2341 1231 2401 aureis
1254 2352 1349 2418 texte,
1366 2340 1497 2402 ecclesie

234 2449 316 2510 beati
344 2447 441 2508 Marci
467 2446 673 2526 ewangeliste
704 2464 760 2527 per
785 2444 964 2507 Johanuem
997 2445 1239 2507 Keleminchicz
1278 2446 1425 2523 furatam,
1450 2445 1496 2528 ju·

234 2556 291 2615 rati
316 2553 592 2633 adjudicaverunt,
611 2551 699 2632 quod
717 2551 803 2612 idem
830 2551 1011 2633 Stephanus
1029 2551 1258 2635 Horuoyeuicz
1275 2554 1370 2613 debet
1394 2552 1497 2632 jurare

234 2663 265 2721 in
291 2679 344 2720 ara
369 2673 476 2719 sancte
502 2657 615 2720 Crucis
640 2657 671 2718 in
697 2657 830 2718 ecclesia
854 2655 979 2737 (sancti)
1007 2658 1103 2718 Marci
1132 2659 1314 2720 terciusmet
1338 2657 1497 2719 similibus

233 2786 328 2848 super
353 2785 403 2844 eu,
424 2765 513 2846 quod
538 2765 605 2846 ipse
630 2763 764 2825 nescivit
787 2763 875 2844 quod
900 2783 950 2825 res
973 2763 1113 2845 predicte
1139 2765 1271 2826 ecclesie
1295 2764 1378 2825 beati
1398 2764 1494 2825 Marci

233 2872 377 2934 fuissent.

338 2977 413 3039 ltem
432 2996 517 3037 anno
543 2976 674 3037 Domini
696 2976 869 3038 millesimo
883 2990 942 3036 etc.
960 2975 1196 3057 septuagesimo
1222 2994 1309 3036 nono
1334 2975 1496 3037 lohannes

233 3085 377 3145 literatus
404 3083 643 3144 Keleminchicz
675 3082 778 3143 dictus
803 3083 833 3142 in
868 3082 940 3143 loco
963 3081 1059 3142 solito
1091 3096 1121 3142 et
1154 3095 1306 3142 consveto
1330 3083 1388 3142 sub
1413 3101 1494 3142 mar·

232 3191 305 3251 tirio
331 3189 431 3250 lassus
455 3204 501 3250 est
525 3208 564 3251 eo
581 3189 691 3264 modo,
716 3188 865 3248 videlicet
889 3186 967 3248 feria
985 3202 1096 3268 quarta
1121 3187 1264 3268 proxima
1291 3201 1361 3269 post
1378 3183 1493 3249 festum

233 3295 494 3357 Resurrectionis
519 3294 668 3356 Domini:
692 3295 765 3355 item
792 3294 897 3376 primo
922 3292 1023 3355 fassus
1047 3307 1093 3353 est
1117 3311 1155 3353 eo
1180 3293 1290 3371 mod0‚
1314 3293 1401 3374 quod
1419 3295 1494 3374 quia

234 3402 433 3464 honorabilis
457 3402 504 3461 vir
522 3400 674 3461 dominus
692 3400 837 3460 Matheus
862 3400 1019 3481 plebanus
1037 3399 1066 3459 in
1085 3399 1212 3460 civitate
1230 3399 1496 3480 Montigrecensis

234 3509 397 3591 petivisset
422 3508 526 3589 ipsum
551 3507 581 3567 in
608 3506 668 3566 hiis
693 3505 1026 3586 quadragesimalibus
1048 3504 1160 3565 diebus
1185 3519 1217 3565 ut
1242 3505 1430 3567 indumenta
1447 3527 1493 3566 sa·

233 3615 405 3677 cerdotalia
432 3615 462 3674 in
489 3614 628 3674 sacristia
655 3613 738 3674 beati
759 3613 856 3673 Marci
880 3611 1097 3690 ewangeliste,
1122 3611 1264 3671 eiusdem
1291 3611 1436 3689 civitatis,
1454 3612 1491 3670 ad

232 3720 309 3782 festa
334 3720 471 3803 pascalia
496 3719 654 3780 vimbrare
679 3733 709 3778 et
730 3718 886 3778 mundare
921 3717 1061 3791 deberet,
1094 3716 1181 3797 quod
1207 3730 1237 3776 et
1269 3716 1439 3778 vimbravit
1463 3729 1493 3776 et

232 3828 408 3903 mundavit,
435 3826 488 3886 ubi
513 3840 620 3886 autem
646 3845 683 3886 ex
710 3825 899 3887 indumento
924 3839 954 3886 et
982 3824 1132 3885 ordinato
1157 3824 1345 3885 sacerdotali
1373 3821 1493 3903 prefate

231 3936 362 3997 ecclesie
386 3933 549 4015 quandam
575 3948 696 4014 partam
723 3932 762 3992 de
787 3930 847 3992 filis
875 3932 979 3993 aureis
1011 3944 1128 3992 textam
1154 3929 1269 3991 furtive
1297 3932 1325 3989 in
1352 3929 1493 3990 sacristia

232 4043 400 4124 recepisset
424 4060 459 4101 ac
483 4059 628 4121 gemmas
652 4039 692 4100 de
710 4038 865 4099 humerali
892 4038 1033 4120 predicte
1052 4037 1183 4099 ecclesie
1208 4037 1353 4096 similiter
1378 4033 1492 4097 furtive

232 4148 408 4209 excidisset.

339 4255 425 4315 ldem
451 4252 552 4314 fassus
576 4266 621 4313 est
647 4271 685 4312 eo
711 4253 819 4330 modo,
853 4251 940 4332 quod
966 4250 1146 4332 Stephanus
1171 4249 1390 4310 Horuoieuicz
1415 4249 1491 4310 dum

232 4362 373 4443 predicte
398 4380 447 4421 res
469 4359 600 4420 ecclesie
625 4356 727 4421 furate
752 4355 895 4436 fuissent,
920 4357 1024 4419 eidem
1045 4354 1206 4436 Stephano
1230 4375 1286 4438 per
1311 4357 1413 4437 ipsum
1440 4357 1491 4416 lo·

233 4468 371 4528 hannem
408 4479 587 4549 presentare
624 4466 662 4524 ad
700 4465 904 4526 vendendum
937 4461 1052 4539 forent,
1084 4462 1140 4544 qui
1170 4476 1278 4524 tamen
1313 4462 1493 4544 Stephanus

231 4575 322 4635 scivit
348 4573 435 4654 quod
461 4592 510 4634 res
534 4571 654 4654 prefate
687 4572 820 4633 ecclesie
853 4585 952 4647 erant,
984 4569 1040 4650 qui
1065 4568 1195 4629 insimul
1228 4568 1493 4630 determinassem

232 4681 382 4758 vendere,
407 4680 579 4741 voluerunt
603 4693 637 4740 ut
661 4678 835 4759 unicuique
861 4676 966 4737 media
989 4694 1061 4757 pars
1084 4675 1233 4752 cedetur;
1258 4690 1288 4736 et
1313 4675 1397 4736 idem
1424 4676 1491 4736 Ste-

233 4786 357 4869 phanus
383 4785 603 4848 Horuoieuicz
628 4785 728 4867 ipsam
758 4798 880 4866 partam
912 4781 951 4844 ad
976 4780 1181 4843 vendendum
1208 4794 1386 4864 portaverat
1410 4780 1496 4842 circa
