3488 5272
637 355 836 432 Ann01453.
863 390 904 399 -
927 369 978 416 20.
1002 355 1118 430 aprdlri.

610 565 686 628 Item
713 565 865 628 Clemens
888 565 986 629 faber.

605 672 682 734 ltem
709 673 871 737 lohannes
895 672 994 752 faber,
1018 693 1138 755 sporar.

610 778 688 841 ltem
714 781 869 842 Martinus
893 778 990 842 taber.

607 884 684 946 ltem
710 885 900 948 Valentinus
924 884 1023 947 faber.

608 991 685 1054 ltem
710 991 872 1074 Georgius
896 989 995 1054 leber.

608 1099 686 1161 ltem
713 1100 909 1162 Laurencius
932 1119 1053 1182 sporar.

607 1205 686 1268 ltem
710 1206 829 1268 Paulus
852 1225 973 1288 sporar.

606 1311 685 1375 ltem
711 1313 849 1375 Michael
874 1312 1028 1375 literatus.

606 1418 684 1480 ltem
711 1419 852 1481 Briccius
880 1439 1000 1502 sporar.

607 1524 685 1587 ltem
711 1525 889 1606 Gregorius
914 1510 1081 1608 ududycn.

608 1631 685 1693 ltem
712 1632 864 1694 Clemens
890 1632 1075 1714 Banychyn.

607 1739 684 1799 ltem
710 1738 828 1799 Paulus
850 1758 949 1819 gener
975 1738 1071 1799 Blasii
1095 1737 1259 1799 institoris.

606 1845 683 1906 ltem
710 1844 863 1907 Clemens
887 1844 1027 1926 pellifex.

611 1951 688 2013 ltem
714 1951 876 2012 lohannes
900 1965 1001 2012 sartor
1024 1970 1122 2031 gener
1145 1948 1325 2032 Venthycb.

608 2058 684 2119 ltem
711 2057 868 2118 Martinus
891 2071 989 2119 sutor.

606 2164 683 2226 ltem
709 2164 862 2226 Nicolaus
890 2179 989 2226 sutor.

350 2358 429 2423 ltem
463 2355 604 2441 prelatus
636 2357 807 2420 Conradus
843 2357 937 2436 judex
970 2357 1145 2418 modernus
1175 2358 1311 2418 civitatis
1342 2372 1507 2439 prenotate

245 2484 382 2527 unacum
408 2465 518 2547 juratis
550 2478 580 2527 et
611 2464 802 2526 consiliariis
835 2464 999 2524 modernis
1022 2463 1212 2544 supradictis
1244 2483 1317 2524 cum
1350 2483 1507 2526 consensu

245 2572 388 2634 unanimi
415 2586 445 2633 et
462 2570 613 2633 concordi
632 2570 797 2631 voluntate
820 2589 855 2631 ac
877 2569 1005 2631 decreto
1021 2570 1124 2630 tocius
1141 2570 1380 2630 communitatis
1397 2570 1507 2630 omnia

244 2691 358 2739 statuta
391 2692 486 2759 atque
511 2677 636 2738 decreta
669 2690 732 2737 tam
767 2677 797 2737 in
831 2677 969 2757 presenti
1002 2695 1098 2757 quam
1134 2677 1163 2735 in
1196 2676 1336 2756 antiquis
1368 2677 1506 2738 katernis

244 2797 392 2846 contenta
418 2798 449 2845 et
473 2783 662 2864 conscripta,
686 2781 793 2863 quoad
819 2801 932 2843 omnes
958 2783 1126 2857 clausulas,
1160 2797 1274 2863 puncta
1301 2796 1331 2844 et
1355 2782 1506 2844 articulos

245 2890 432 2952 eorumdem
457 2904 647 2952 statutorum
674 2908 729 2970 per
753 2903 856 2950 totum
889 2908 1008 2950 annum
1042 2889 1196 2969 presentis
1220 2889 1379 2967 judicatus
1405 2890 1504 2970 ipsius

245 2996 386 3059 Conradi
413 2997 526 3076 judicis
550 3017 586 3057 ac
610 2996 762 3078 deinceps
779 3011 935 3077 perpetuo
952 3010 982 3056 ct
1001 2995 1252 3057 irrevocabiliter
1276 2995 1505 3057 confirmarunt

244 3120 400 3187 perpetuo
424 3104 559 3165 valitura
585 3118 615 3165 et
638 3103 849 3165 observanda.

296 3303 391 3378 Faria
420 3317 516 3379 sexta
546 3310 698 3396 proxima
736 3314 811 3396 post
839 3307 959 3378 festum
989 3308 1078 3377 beati
1108 3307 1276 3377 Ambrosii
1306 3307 1452 3397 episcopi

726 3438 829 3520 atque
857 3431 1016 3502 doctoris.

776 3580 820 3658 (ό,
844 3586 971 3658 aprilis).

347 3726 425 3788 ltem
458 3727 533 3807 quia
559 3726 682 3808 Agatha
714 3726 858 3787 servitrix
884 3724 1032 3806 Gregorii
1065 3724 1121 3785 filii
1147 3723 1254 3806 Ozyas
1287 3744 1342 3806 per
1374 3724 1500 3802 adjudi-

241 3833 406 3895 cacionem
432 3833 608 3913 juratorum
633 3832 729 3893 hodie
754 3832 869 3911 juravit
893 3845 927 3893 ut
952 3831 1075 3908 debuit,
1100 3845 1134 3892 ut
1157 3831 1223 3913 ipsa
1249 3846 1355 3912 togam
1383 3831 1501 3892 lineam

242 3937 341 4001 Elene
367 3938 512 4001 mulieris
535 3938 713 4000 Trombeta
738 3939 821 3999 dicte
847 3957 910 3998 non
940 3938 1094 3999 subtraxit
1120 3956 1223 4018 neque
1249 3952 1295 3999 est
1319 3937 1445 3998 conscia
1471 3937 1501 3997 in

241 4044 311 4127 ipso
335 4043 432 4124 furtu,
463 4045 520 4108 sed
551 4046 582 4106 in
607 4046 697 4107 totali
730 4045 861 4107 accione
894 4045 993 4125 ipsius
1026 4042 1148 4125 Agathe
1182 4044 1326 4105 mulieris
1350 4044 1504 4105 innocens

240 4167 322 4214 esset
345 4153 472 4235 penitus
496 4164 526 4213 et
551 4152 691 4213 innoxia.

320 4351 415 4428 Ferit
443 4363 539 4427 sexta
568 4356 721 4444 proxima
759 4358 791 4426 iu
821 4355 985 4425 dominica
1014 4354 1244 4424 Misericordia
1273 4351 1413 4422 Domini.

767 4507 834 4587 (20.
858 4508 989 4587 aprilis).

345 4630 423 4694 ltem
449 4632 649 4714 Margaretlra
672 4631 788 4693 ancilla
808 4630 948 4692 condam
971 4629 1132 4690 Valentini
1155 4627 1234 4690 labri
1260 4647 1315 4710 per
1339 4626 1502 4703 adjudica·

238 4738 366 4802 tionem
397 4737 575 4820 juratorum
600 4752 715 4800 octavo
748 4737 799 4799 die
831 4756 926 4820 super
957 4756 1043 4798 aram
1076 4735 1173 4797 tercia
1204 4754 1237 4795 se
1263 4733 1409 4816 personis
1439 4734 1500 4795 sibi

236 4842 398 4909 similibus
421 4856 532 4909 contra
556 4841 716 4928 prefatum
733 4843 942 4905 Valentinum
956 4841 1081 4904 labrum
1101 4841 1204 4921 jurare
1228 4841 1390 4903 tenebitur
1406 4859 1502 4921 super

1399 4942 1410 4967 0
