3488 5272
638 301 839 379 Ann01465.
865 337 905 346 -
930 299 961 364 8.
990 303 1104 365 martii.

647 515 724 576 Item
749 516 938 577 Dominicus
962 515 1112 578 carnifex.

645 620 722 683 Item
748 622 901 684 Clemens
925 637 1035 686 sartor.

643 726 721 789 Item
747 729 888 791 Briccius
913 731 1027 812 Myrko
1054 729 1167 792 dietus.

645 835 722 895 Item
748 836 859 897 Petrus
883 856 1003 918 sporar.

643 941 721 1003 Item
748 942 929 1024 Stephanus
953 958 1062 1005 sartor.

644 1047 722 1108 Item
749 1049 877 1111 Barthol
902 1050 1040 1131 sellipar.

646 1153 722 1214 Item
749 1155 860 1217 Petrus
884 1155 1033 1218 carnifex.

644 1260 720 1321 Item
747 1262 896 1344 Cristoph
922 1263 1060 1344 sellipar.

644 1367 721 1428 Item
748 1367 907 1450 Georgius
930 1369 1090 1451 Bosnyak.

647 1474 725 1535 Item
751 1475 889 1537 Iacobus
912 1495 1032 1557 sporar.

646 1581 722 1641 Item
749 1581 895 1643 Thomas
920 1581 1056 1665 Glazyn.

643 1687 718 1749 Item
746 1689 871 1750 Marcus
893 1702 992 1750 sutor.

643 1794 720 1854 Item
747 1796 939 1856 Benedictus
964 1794 1092 1856 Gerdalr
1116 1809 1215 1856 sutor.

646 1901 722 1961 Item
749 1902 901 1962 Clemens
926 1901 1065 1963 Kechka.

642 2007 719 2068 Item
746 2006 906 2089 Georgius
929 2022 1026 2072 sutor.

646 2114 723 2175 Item
749 2115 916 2196 PhiIIppus
943 2130 1039 2177 sutor.

645 2221 721 2281 Item
748 2220 860 2283 Gallus
884 2235 981 2282 sutor.

644 2327 720 2388 Item
746 2328 936 2388 Valentinus
959 2343 1056 2388 sutor.

647 2434 724 2495 Item
750 2435 912 2495 Iohannes
936 2449 1033 2494 sutor.

646 2540 723 2602 ltem
749 2541 929 2623 Stephanus
953 2555 1051 2603 sutor.

645 2646 721 2708 Item
749 2647 851 2707 Lucas
875 2661 972 2708 sutor.

643 2753 721 2814 Item
747 2752 892 2814 Thomas
915 2768 1017 2815 sutor.

345 2948 421 3007 Item
447 2946 557 3028 prelati
585 2947 767 3007 Anthonius
793 2945 885 3022 iudex
904 2966 939 3006 ac
958 2946 1048 3027 jurati
1075 2962 1105 3008 et
1127 2947 1299 3007 consiliarii
1328 2965 1400 3006 cum
1425 2965 1499 3007 con·

237 3071 331 3113 sensu
367 3070 396 3114 et
428 3055 653 3115 commissi0ne
690 3054 833 3114 unanimi
865 3068 895 3114 et
927 3053 1077 3113 concordi
1111 3052 1274 3112 voluntate
1308 3068 1338 3113 et
1370 3052 1500 3114 decreto

237 3159 339 3218 tocius
364 3161 602 3221 communitatis
628 3161 736 3220 omnia
755 3160 878 3219 decreta
901 3173 931 3220 et
952 3173 1066 3220 statuta
1092 3175 1156 3218 tarn
1182 3159 1211 3218 in
1239 3160 1375 3239 presenti
1402 3179 1499 3240 quam

238 3265 269 3323 ln
284 3267 423 3346 antiquis
437 3267 594 3328 cathernis
607 3267 722 3327 nostris
747 3279 894 3326 contenta
913 3281 942 3326 et
959 3267 1149 3346 conscripta,
1175 3265 1282 3345 quoad
1298 3286 1411 3326 omnes
1428 3266 1501 3326 arti-

238 3371 327 3431 culos
352 3385 382 3432 et
413 3388 529 3452 puncta
555 3388 584 3433 et
609 3373 767 3433 clausulas
792 3372 978 3432 eorumdem
1013 3386 1202 3432 statutorum
1236 3387 1265 3431 et
1298 3373 1499 3433 decretorum

237 3497 293 3558 per
317 3492 419 3539 totum
437 3499 557 3539 annum
576 3480 729 3560 presentis
756 3478 912 3555 judicatus
938 3479 1035 3558 ipsius
1058 3478 1211 3538 ,lothonii
1232 3478 1345 3554 judicis
1370 3499 1405 3538 ac
1424 3498 1500 3539 con·

237 3600 409 3664 sequenter
432 3600 462 3647 et
487 3586 638 3666 delnceps
662 3586 728 3666 jure
762 3599 917 3666 perpetuo
947 3599 976 3645 et
999 3585 1248 3646 Irrevocabiliter
1272 3584 1501 3646 confirmarunt

238 3709 363 3773 semper
388 3694 523 3755 valitura
548 3707 577 3754 et
606 3693 738 3754 firmiter
762 3694 971 3753 observanda.

347 3817 421 3878 Item
456 3819 560 3900 primo
593 3819 738 3879 Andreas
771 3818 977 3900 Symwnych,
1010 3818 1116 3878 semor
1149 3817 1269 3894 juratus
1301 3832 1331 3878 et
1361 3818 1501 3878 concivis

239 3937 356 3999 noster,
382 3946 418 3984 ac
443 3926 577 4006 provida
603 3926 718 3986 mulier
742 3931 851 4006 Agnes
883 3940 1004 4000 vocata,
1040 3925 1148 3985 relicta
1172 3924 1309 3984 condam
1336 3925 1501 3986 Michaelis

238 4030 387 4108 agricole,
412 4052 502 4092 soror
527 4033 662 4093 carnalis
687 4032 824 4093 condam
844 4030 998 4092 Anthonii
1022 4031 1160 4111 agricole
1187 4031 1225 4090 de
1254 4031 1352 4108 Loka,
1378 4032 1408 4090 id
1427 4051 1500 4092 cum

238 4135 407 4199 sufficienti
426 4154 607 4200 nostrorum
628 4140 809 4201 concivium
820 4138 1006 4200 testimonio
1024 4138 1106 4199 clare
1125 4139 1385 4218 comprobarunt,
1412 4137 1499 4218 quod

238 4245 370 4325 provida
397 4247 512 4307 mulier
547 4245 747 4325 Margaretha
781 4246 875 4321 dicta,
905 4246 1012 4306 relicta
1047 4245 1146 4325 ipsius
1170 4244 1307 4303 condam
1334 4243 1500 4321 AnthonII,

238 4351 367 4411 eosdem
385 4372 480 4433 super
504 4353 656 4413 omnibus
673 4353 766 4413 bonis
790 4352 854 4412 suis
871 4366 1094 4433 procuratores
1111 4351 1324 4411 constituisset
1342 4364 1372 4410 et
1389 4350 1499 4410 omnia

238 4457 322 4518 bona
347 4477 402 4518 sua
428 4459 588 4520 vendendi
614 4459 835 4520 commisisset.

344 4583 419 4644 Item
445 4585 520 4664 quia
546 4584 669 4644 Blasius
694 4581 952 4663 Chn'dawchych
979 4580 1117 4642 carnifex
1135 4596 1166 4643 et
1189 4582 1268 4642 alter
1294 4580 1417 4641 Blasius
1434 4600 1498 4641 car-

237 4688 321 4749 nifex
349 4690 533 4771 lendawyn
559 4689 672 4767 dictus,
712 4689 860 4749 concives
884 4688 993 4767 nostri,
1018 4688 1112 4749 nobis
1135 4686 1314 4769 significare
1339 4702 1499 4764 curarunt,

239 4809 272 4856 ut
296 4814 358 4856 una
383 4794 473 4857 litera
499 4809 606 4857 nostra
629 4794 839 4878 priuilegialis
862 4813 958 4875 super
982 4793 1176 4875 quibusdam
1201 4794 1352 4855 domibus
1375 4813 1432 4855 seu
1456 4794 1496 4854 ci·
