3488 5272
616 339 702 397 Aureo
725 334 818 415 1466.
842 373 886 383 —
911 335 959 400 Ιό,
984 341 1063 400 maii.
1411 357 1472 421 293

211 551 241 610 in
268 550 358 611 nullo
383 566 464 610 esset
488 550 658 632 culpabilis
692 551 721 610 in
762 551 969 611 ammissione
1003 571 1107 611 rerum
1141 570 1269 611 suarum
1298 552 1472 632 inquibus

212 656 458 738 dampnificatus
491 655 560 734 luit,
592 657 636 717 sic
668 671 699 717 et
732 658 796 738 ipse
823 656 988 738 ttyhonyl
1020 658 1199 737 apportavit
1225 677 1321 718 unam
1347 658 1471 720 literam

210 763 324 844 judicis
342 763 380 824 de
400 765 522 846 Lyppa,
540 765 594 844 qui
610 763 708 824 modo
722 764 817 824 simili
837 778 990 845 expurgat
1009 764 1111 844 ipsum
1131 763 1353 840 Clementem
1374 785 1471 845 quem

212 869 376 952 hlyhotvyl
403 871 493 948 jurati
520 871 783 947 adjudicaverunt
800 885 910 931 contra
932 871 1036 951 ipsum
1062 869 1263 932 Clementem
1282 873 1471 934 remansisse

210 977 241 1036 in
267 976 340 1037 vivo
367 977 517 1057 homagio
543 978 617 1057 quia
643 977 862 1058 calumpniose
888 976 1040 1058 processit
1065 990 1173 1037 contra
1199 975 1348 1038 eundem.

280 1195 376 1269 Feria
413 1205 510 1268 sexta
544 1195 695 1284 proxima
733 1207 808 1284 post
846 1196 968 1266 sestam
1006 1194 1220 1267 ascensionis
1258 1195 1386 1267 Domini

643 1322 793 1407 proxime
821 1322 1031 1408 preteritum.

747 1471 812 1546 (16.
838 1477 931 1546 mari).

316 1615 392 1676 ltem
419 1614 511 1693 jurati
545 1629 799 1695 prorogaverunt
823 1634 950 1675 causam
985 1616 1066 1675 inter
1089 1616 1261 1697 providum
1287 1616 1390 1677 virum
1416 1617 1468 1677 lo·

208 1722 347 1782 hannem
374 1720 559 1803 Perouvch,
585 1736 617 1781 ut
641 1735 781 1781 actorem
807 1722 846 1781 ab
872 1741 945 1799 una,
970 1736 1000 1781 et
1025 1722 1106 1781 inter
1134 1722 1297 1783 Thomam
1323 1722 1469 1797 Cheden,

208 1844 242 1888 ut
267 1829 297 1889 in
324 1847 452 1889 causam
485 1841 665 1904 attractum,
698 1828 824 1889 racione
858 1828 1136 1889 dehonesracionis
1161 1843 1192 1890 et
1224 1829 1469 1910 vituperiorum,

205 1955 268 2015 que
302 1935 458 2015 vituperia
490 1935 556 2015 ipse
582 1932 727 1995 Thomas
759 1934 920 1995 commisit
956 1954 1050 2016 super
1083 1935 1186 2015 ipsum
1212 1935 1391 1996 iohannem
1422 1936 1469 2015 ju·

207 2042 322 2117 dicem,
354 2055 384 2101 et
409 2041 502 2101 datus
533 2053 579 2100 est
611 2039 811 2121 producendi
838 2054 932 2101 testes
963 2041 1119 2101 terminus
1143 2041 1244 2122 prima
1270 2040 1346 2101 feria
1371 2055 1469 2118 sexta,

206 2148 273 2207 dies
298 2146 448 2207 videlicet
471 2144 641 2224 judicialis,
669 2145 883 2227 respondendi
910 2146 1014 2206 eidem
1033 2145 1162 2206 Thome
1188 2146 1322 2208 Cheden
1346 2148 1385 2207 ad
1411 2149 1467 2209 ob·

205 2253 284 2332 jecta
309 2252 453 2313 eiusdem
479 2251 634 2313 lohannis
659 2251 843 2333 Perotvych.

312 2359 388 2419 ltem
407 2358 553 2419 similiter
570 2358 662 2439 jurati
689 2371 942 2438 prorogaverunt
959 2377 1085 2418 causam
1106 2358 1187 2419 inter
1213 2358 1353 2418 Blasium
1372 2359 1466 2441 Ztoy·

205 2465 345 2547 mylych,
369 2465 528 2525 seniorem
554 2463 692 2544 judicem
718 2477 749 2524 et
773 2464 938 2524 concivem
962 2478 1117 2540 nostrum,
1142 2478 1172 2524 et
1197 2464 1278 2524 inter
1303 2463 1466 2525 Thomam

205 2570 339 2633 Cheden
365 2570 493 2631 racione
519 2569 736 2649 quorumdam
761 2570 994 2650 vituperiorum
1013 2584 1041 2629 et
1066 2571 1204 2631 aliorum
1229 2569 1389 2631 malorum
1412 2590 1465 2651 ge·

205 2697 316 2738 nerum
342 2678 422 2738 inter
447 2677 533 2757 ipsos
557 2688 752 2754 secutorum,
784 2676 876 2738 datus
900 2691 945 2737 est
970 2677 1124 2737 terminus
1148 2676 1347 2758 producendi
1373 2681 1466 2739 lestes

204 2785 305 2865 prima
331 2782 408 2844 feria
435 2796 520 2844 sexta
545 2782 690 2864 proxime
715 2796 846 2843 ventura
874 2795 905 2844 et
929 2781 1155 2863 respondendi.

309 2890 385 2951 ltem
411 2908 538 2950 causam
564 2907 661 2969 quam
687 2888 849 2949 lohannes
875 2889 990 2949 Bolsak
1008 2888 1104 2970 judex
1129 2891 1329 2971 proponebat
1354 2905 1464 2952 contra

203 2996 366 3057 Thomam
399 2993 532 3056 Cheden
566 2995 694 3056 racione
729 2995 961 3075 vituperiorum
990 3009 1020 3055 et
1052 2995 1189 3057 aliorum
1215 2994 1374 3058 laetorum
1399 3017 1462 3079 que

203 3101 364 3163 commisit
389 3101 455 3181 ipse
489 3100 635 3162 Thomas
666 3117 776 3161 contra
810 3101 913 3182 ipsum
947 3100 1126 3162 iohannem
1161 3103 1287 3179 Bolsalr,
1319 3117 1349 3164 et
1372 3103 1465 3164 datus

203 3223 250 3270 est
274 3207 429 3268 terminus
455 3207 576 3268 eisdem
601 3208 756 3268 ambabus
781 3207 924 3289 partibus
940 3207 1138 3289 producendi
1165 3222 1260 3270 testes
1283 3206 1360 3271 feria
1377 3223 1463 3271 sexta

201 3315 346 3397 proxime
372 3328 503 3374 ventura
529 3314 558 3373 in
584 3312 705 3392 judicio
730 3332 837 3375 coram
864 3314 967 3375 nobis.

309 3421 385 3481 ltem
411 3420 544 3500 provida
569 3420 700 3480 domina
727 3420 901 3481 Katherina
926 3436 1048 3497 vocata,
1070 3421 1177 3482 relicta
1202 3421 1339 3482 condam
1367 3422 1462 3484 Blasii

202 3527 373 3603 institoris,
408 3525 623 3607 juramentum
657 3526 716 3586 sibi
749 3525 968 3606 adjudicatum
1004 3527 1132 3588 racione
1164 3527 1330 3588 cuiusdam
1364 3526 1461 3588 debiti

202 3634 296 3694 unius
321 3632 389 3695 flor.
414 3632 493 3710 auri,
519 3651 616 3712 quem
642 3632 707 3713 ipse
734 3631 897 3714 Myhowvl
922 3633 981 3693 sibi
1003 3633 1181 3695 debitorem
1207 3631 1274 3695 lore
1300 3634 1460 3716 allegabat

201 3740 329 3801 racione
355 3738 570 3820 quorumdam
596 3738 726 3818 ficuum,
751 3754 846 3820 prout
871 3740 1008 3802 debebat
1031 3740 1190 3822 deposuit.

308 3846 384 3907 ltem
410 3844 564 3928 providus
588 3846 636 3906 vir
660 3846 852 3908 Benedictus
868 3861 968 3925 sutor,
992 3848 1099 3908 senior
1123 3848 1243 3928 juratus
1268 3861 1298 3908 et
1322 3849 1463 3909 concivis

201 3968 318 4030 noster,
351 3952 382 4013 id
415 3951 584 4013 sufficienti
617 3952 804 4013 testimonio
836 3953 1011 4033 proborum
1044 3954 1186 4014 virorum
1218 3969 1249 4014 et
1278 3955 1461 4016 concivium

201 4075 345 4121 nostrum
370 4060 401 4120 in
427 4058 548 4137 judicio
572 4059 795 4140 comprobavit
819 4078 926 4119 coram
945 4060 1049 4136 nobis,
1074 4074 1108 4120 ut
1131 4059 1208 4122 dum
1234 4060 1368 4143 provida
1393 4080 1461 4122 mu-

201 4167 259 4227 lier
284 4165 427 4247 lalsycza
452 4165 547 4243 dicta,
572 4165 712 4226 concivis
736 4179 854 4243 nostra,
880 4167 910 4226 in
937 4166 1085 4227 extremis
1109 4167 1171 4227 vite
1196 4187 1251 4228 sue
1275 4168 1462 4250 temporalis

199 4273 383 4349 laborasset,
396 4288 471 4333 tunc
486 4272 551 4353 ipsa
569 4272 679 4332 omnia
693 4272 776 4332 bona
794 4291 849 4332 sua
865 4272 895 4332 in
911 4272 994 4333 dicta
1007 4273 1133 4334 civitate
1151 4288 1181 4333 er
1205 4273 1274 4334 eius
1298 4275 1458 4335 territorio

200 4379 308 4440 habita
332 4398 426 4460 super
451 4378 554 4459 ipsum
574 4376 783 4438 Benedictum
809 4392 950 4439 sutorem
976 4378 1146 4440 dimisisset
1171 4378 1331 4440 vendendi
1345 4392 1376 4439 et
1400 4400 1458 4461 pro

199 4485 306 4546 anima
329 4505 385 4545 aua
410 4483 609 4566 exponendi;
628 4484 701 4544 ideo
727 4484 793 4565 ipse
812 4484 1004 4546 benedictus
1027 4499 1114 4546 sutor
1131 4484 1306 4565 quamdam
1324 4485 1459 4547 domum

201 4610 258 4653 seu
284 4589 418 4651 lundum
452 4589 596 4650 eiusdem
629 4589 771 4672 Jalsycze
808 4590 951 4650 mulieris
983 4591 1014 4650 in
1049 4591 1131 4651 dicta
1157 4590 1283 4653 civitate
1309 4590 1461 4671 habitam,

200 4695 319 4758 Mathis
344 4696 483 4776 agricole
510 4711 543 4756 ut
566 4694 629 4774 jam
647 4714 734 4756 novo
756 4695 880 4757 concivi
906 4710 1015 4758 nostro
1033 4695 1228 4759 vendidisset
1244 4696 1284 4759 de
1301 4716 1461 4760 consensu

197 4802 376 4865 vicinorum
393 4800 610 4886 predictorum
633 4820 691 4884 pro
714 4816 789 4863 octo
805 4800 912 4885 pensis
928 4800 1135 4864 denariorum
1159 4803 1414 4895 viennensium.
