3488 5272
549 1269 699 1369 (Anno
728 1267 911 1360 Domini
939 1265 1210 1367 ncccctlv).

818 1480 921 1489 ——-

238 1637 326 1714 Item
355 1639 551 1714 notandum
571 1646 640 1729 est,
668 1639 762 1738 quod
782 1640 816 1714 in
836 1662 930 1714 anno
955 1637 1099 1713 Domini
1119 1638 1305 1713 millesimo
1336 1638 1500 1738 quadrin-

237 1762 444 1861 gentesimo
487 1762 784 1862 quinquagesimo
822 1771 962 1862 quarto,
999 1761 1090 1838 feria
1127 1769 1232 1837 sexta
1268 1762 1431 1862 proxima
1467 1763 1501 1839 in

240 1885 418 1962 dominica
454 1884 637 1961 invocavit
669 1908 737 1975 me,
770 1884 860 1961 feria
887 1886 1056 1961 videlicet
1091 1893 1196 1961 sexta
1224 1885 1387 1986 proxima
1414 1894 1500 1987 post

239 2007 372 2085 festum
402 2011 516 2086 sancti
547 2008 717 2109 Gregorii
746 2032 839 2109 pape
872 2020 981 2109 atque
1010 2008 1183 2101 doctoris,
1220 2026 1384 2109 tempore
1408 2008 1499 2107 judi-

240 2144 343 2209 catus
381 2133 527 2208 secundi
555 2133 619 2208 viri
658 2133 795 2233 providi
825 2142 861 2208 et
898 2133 1041 2208 honesti
1070 2130 1252 2208 Valentini
1281 2131 1405 2226 iudicis
1442 2131 1501 2208 filii

239 2254 424 2332 Michaelis
453 2256 537 2332 dicti
568 2254 764 2357 Saronych,
784 2280 933 2356 presens
962 2257 1147 2331 laternum
1174 2264 1232 2332 est
1260 2258 1500 2357 conscriptum

239 2402 347 2479 super
383 2380 474 2455 actis
508 2392 547 2456 et
578 2380 719 2479 judiciis
757 2387 921 2479 ternpore
962 2382 1141 2480 presentis
1174 2378 1355 2478 judicatus
1388 2381 1499 2480 ipsios

238 2500 420 2579 Valentini
445 2502 574 2601 judicis
610 2503 717 2579 rnodo
747 2512 785 2579 et
808 2505 932 2580 ordine
952 2502 1187 2602 infrascriptis
1212 2503 1497 2580 occurrentibus.

754 2754 814 2824 (15.
846 2750 968 2822 martir).

811 2889 922 2952 Jurati.

661 3031 738 3093 ltern
765 3031 903 3093 Michael
926 3029 1067 3113 pellifex.

660 3137 737 3199 ltem
763 3135 944 3219 Stephanus
969 3137 1104 3200 institor.

656 3243 731 3305 ltem
757 3242 941 3305 Anthonius
965 3243 1119 3305 literatus.

659 3349 735 3411 ltem
762 3348 943 3432 Stephanus
966 3347 1116 3410 carnifex.

656 3455 733 3517 hem
758 3456 903 3517 Andreas
926 3469 1027 3516 sartor
1053 3453 1251 3537 Syrnunych.

658 3562 736 3623 ltem
762 3561 954 3622 Benedictus
978 3558 1147 3623 aurifaber.

658 3667 734 3729 ltem
760 3667 905 3729 Thomas
929 3667 1063 3729 institor.

659 3773 735 3835 ltem
760 3773 863 3835 Lucas
886 3786 985 3836 sutor.

775 3984 972 4048 Consiliarii.

659 4130 737 4192 ltem
762 4127 950 4189 Franciscus
973 4126 1127 4189 literatus.

659 4234 736 4297 ltem
762 4232 900 4296 Michael
924 4232 1077 4295 literatus.

658 4341 735 4403 ltern
760 4339 927 4402 Ladislaus
951 4335 1239 4420 Czaranthowych.

658 4446 735 4508 ltem
762 4447 887 4507 Marcus
911 4445 995 4507 filius
1019 4445 1109 4506 Pauli
1139 4439 1377 4525 Zydowchych.

658 4552 736 4614 ltem
762 4551 893 4613 Mathlro
918 4551 1053 4614 institor.

657 4659 734 4720 ltem
761 4658 873 4720 Petrus
897 4658 1038 4740 Dragyn.

655 4764 733 4827 Item
758 4762 920 4844 Georgius
942 4776 1043 4825 sartor
1071 4759 1286 4843 Jelowchych.
