<?xml version="1.0" encoding="UTF-8"?>
<!DOCTYPE html PUBLIC "-//W3C//DTD XHTML 1.0 Transitional//EN"
    "http://www.w3.org/TR/xhtml1/DTD/xhtml1-transitional.dtd">
<html xmlns="http://www.w3.org/1999/xhtml" xml:lang="en" lang="en">
 <head>
  <title>
</title>
<meta http-equiv="Content-Type" content="text/html;charset=utf-8" />
  <meta name='ocr-system' content='tesseract 3.04.00' />
  <meta name='ocr-capabilities' content='ocr_page ocr_carea ocr_par ocr_line ocrx_word'/>
</head>
<body>
  <div class='ocr_page' id='page_1' title='image "./monumentahistor07laszgoog_0401.png"; bbox 0 0 3488 5272; ppageno 0'>
   <div class='ocr_carea' id='block_1_1' title="bbox 657 345 1201 437">
    <p class='ocr_par' dir='ltr' id='par_1_1' title="bbox 657 345 1201 437">
     <span class='ocr_line' id='line_1_1' title="bbox 657 345 1201 437; baseline -0.002 -29"><span class='ocrx_word' id='word_1_1' title='bbox 657 352 744 408; x_wconf 84' lang='lat' dir='ltr'>Anno</span> <span class='ocrx_word' id='word_1_2' title='bbox 767 345 861 426; x_wconf 78' lang='lat'><em>1468.</em></span> <span class='ocrx_word' id='word_1_3' title='bbox 888 384 929 391; x_wconf 98' lang='lat'><em>-</em></span> <span class='ocrx_word' id='word_1_4' title='bbox 953 362 981 410; x_wconf 90' lang='lat'>1.</span> <span class='ocrx_word' id='word_1_5' title='bbox 997 349 1083 426; x_wconf 80' lang='lat' dir='ltr'>julii.</span> <span class='ocrx_word' id='word_1_6' title='bbox 1192 414 1201 437; x_wconf 51' lang='grc' dir='ltr'>Ι</span> 
     </span>
    </p>
   </div>
   <div class='ocr_carea' id='block_1_2' title="bbox 235 559 1512 4896">
    <p class='ocr_par' dir='ltr' id='par_1_2' title="bbox 238 559 1512 1174">
     <span class='ocr_line' id='line_1_2' title="bbox 239 559 1512 644; baseline -0.001 -22"><span class='ocrx_word' id='word_1_7' title='bbox 239 561 385 644; x_wconf 88' lang='lat' dir='ltr'>platbnar</span> <span class='ocrx_word' id='word_1_8' title='bbox 401 561 440 622; x_wconf 90' lang='lat' dir='ltr'>ad</span> <span class='ocrx_word' id='word_1_9' title='bbox 458 559 726 621; x_wconf 87' lang='lat' dir='ltr'>relormacionem</span> <span class='ocrx_word' id='word_1_10' title='bbox 745 559 926 621; x_wconf 87' lang='lat' dir='ltr'>molendini</span> <span class='ocrx_word' id='word_1_11' title='bbox 945 559 1019 620; x_wconf 91' lang='lat' dir='ltr'>dare</span> <span class='ocrx_word' id='word_1_12' title='bbox 1045 560 1131 641; x_wconf 90' lang='lat' dir='ltr'>ipsos</span> <span class='ocrx_word' id='word_1_13' title='bbox 1147 560 1300 622; x_wconf 85' lang='lat' dir='ltr'>tredecim</span> <span class='ocrx_word' id='word_1_14' title='bbox 1319 559 1400 638; x_wconf 69' lang='lat' dir='ltr'>flor,</span> <span class='ocrx_word' id='word_1_15' title='bbox 1416 562 1512 641; x_wconf 93' lang='lat' dir='ltr'>quod</span> 
     </span>
     <span class='ocr_line' id='line_1_3' title="bbox 239 665 1511 750; baseline -0.001 -21"><span class='ocrx_word' id='word_1_16' title='bbox 239 668 335 729; x_wconf 90' lang='lat' dir='ltr'>hodie</span> <span class='ocrx_word' id='word_1_17' title='bbox 360 667 524 750; x_wconf 83' lang='lat' dir='ltr'>deponere</span> <span class='ocrx_word' id='word_1_18' title='bbox 549 666 696 743; x_wconf 80' lang='lat' dir='ltr'>debebat,</span> <span class='ocrx_word' id='word_1_19' title='bbox 720 665 808 746; x_wconf 93' lang='lat' dir='ltr'>quod</span> <span class='ocrx_word' id='word_1_20' title='bbox 835 666 902 746; x_wconf 89' lang='lat' dir='ltr'>ipse</span> <span class='ocrx_word' id='word_1_21' title='bbox 923 665 1104 747; x_wconf 81' lang='lat' dir='ltr'>Stephanus</span> <span class='ocrx_word' id='word_1_22' title='bbox 1127 665 1275 747; x_wconf 89' lang='lat' dir='ltr'>plathnar</span> <span class='ocrx_word' id='word_1_23' title='bbox 1299 682 1466 748; x_wconf 83' lang='lat' dir='ltr'>receperat</span> <span class='ocrx_word' id='word_1_24' title='bbox 1491 688 1511 728; x_wconf 93' lang='lat' dir='ltr'>a</span> 
     </span>
     <span class='ocr_line' id='line_1_4' title="bbox 238 771 1509 854; baseline -0.001 -20"><span class='ocrx_word' id='word_1_25' title='bbox 238 774 343 851; x_wconf 89' lang='lat' dir='ltr'>judice</span> <span class='ocrx_word' id='word_1_26' title='bbox 357 774 387 834; x_wconf 94' lang='lat' dir='ltr'>in</span> <span class='ocrx_word' id='word_1_27' title='bbox 401 773 495 850; x_wconf 91' lang='lat' dir='ltr'>sede;</span> <span class='ocrx_word' id='word_1_28' title='bbox 509 773 596 854; x_wconf 92' lang='lat' dir='ltr'>quod</span> <span class='ocrx_word' id='word_1_29' title='bbox 612 771 765 849; x_wconf 84' lang='lat' dir='ltr'>judicium</span> <span class='ocrx_word' id='word_1_30' title='bbox 790 771 904 850; x_wconf 86' lang='lat' dir='ltr'>judicis</span> <span class='ocrx_word' id='word_1_31' title='bbox 923 772 982 853; x_wconf 93' lang='lat' dir='ltr'>ipsi</span> <span class='ocrx_word' id='word_1_32' title='bbox 996 771 1088 853; x_wconf 90' lang='lat' dir='ltr'>jurati</span> <span class='ocrx_word' id='word_1_33' title='bbox 1102 771 1341 850; x_wconf 89' lang='lat' dir='ltr'>confirmarunt,</span> <span class='ocrx_word' id='word_1_34' title='bbox 1363 786 1395 833; x_wconf 90' lang='lat' dir='ltr'>et</span> <span class='ocrx_word' id='word_1_35' title='bbox 1413 773 1509 853; x_wconf 93' lang='lat' dir='ltr'>quod</span> 
     </span>
     <span class='ocr_line' id='line_1_5' title="bbox 240 878 1510 961; baseline 0 -20"><span class='ocrx_word' id='word_1_36' title='bbox 240 880 326 941; x_wconf 88' lang='lat' dir='ltr'>illam</span> <span class='ocrx_word' id='word_1_37' title='bbox 360 880 496 957; x_wconf 80' lang='lat' dir='ltr'>literam,</span> <span class='ocrx_word' id='word_1_38' title='bbox 522 898 618 959; x_wconf 91' lang='lat' dir='ltr'>quam</span> <span class='ocrx_word' id='word_1_39' title='bbox 645 879 711 960; x_wconf 92' lang='lat' dir='ltr'>ipse</span> <span class='ocrx_word' id='word_1_40' title='bbox 744 879 892 955; x_wconf 84' lang='lat' dir='ltr'>redemit,</span> <span class='ocrx_word' id='word_1_41' title='bbox 920 878 987 959; x_wconf 91' lang='lat' dir='ltr'>ipse</span> <span class='ocrx_word' id='word_1_42' title='bbox 1021 878 1184 941; x_wconf 89' lang='lat' dir='ltr'>lohannes</span> <span class='ocrx_word' id='word_1_43' title='bbox 1208 899 1266 961; x_wconf 90' lang='lat' dir='ltr'>pro</span> <span class='ocrx_word' id='word_1_44' title='bbox 1290 880 1359 961; x_wconf 91' lang='lat' dir='ltr'>ipso</span> <span class='ocrx_word' id='word_1_45' title='bbox 1391 881 1510 941; x_wconf 89' lang='lat' dir='ltr'>tercio·</span> 
     </span>
     <span class='ocr_line' id='line_1_6' title="bbox 239 985 1508 1068; baseline -0.001 -20"><span class='ocrx_word' id='word_1_46' title='bbox 239 987 376 1048; x_wconf 91' lang='lat' dir='ltr'>dimidio</span> <span class='ocrx_word' id='word_1_47' title='bbox 401 987 469 1048; x_wconf 91' lang='lat' dir='ltr'>flor.</span> <span class='ocrx_word' id='word_1_48' title='bbox 487 1000 595 1047; x_wconf 89' lang='lat' dir='ltr'>tenere</span> <span class='ocrx_word' id='word_1_49' title='bbox 613 986 730 1067; x_wconf 92' lang='lat' dir='ltr'>poterit</span> <span class='ocrx_word' id='word_1_50' title='bbox 758 1004 928 1066; x_wconf 87' lang='lat' dir='ltr'>quousque</span> <span class='ocrx_word' id='word_1_51' title='bbox 949 986 1016 1068; x_wconf 90' lang='lat' dir='ltr'>ipse</span> <span class='ocrx_word' id='word_1_52' title='bbox 1040 986 1143 1048; x_wconf 89' lang='lat' dir='ltr'>solvet</span> <span class='ocrx_word' id='word_1_53' title='bbox 1160 986 1284 1063; x_wconf 90' lang='lat' dir='ltr'>eidem;</span> <span class='ocrx_word' id='word_1_54' title='bbox 1309 986 1347 1046; x_wconf 96' lang='lat' dir='ltr'>de</span> <span class='ocrx_word' id='word_1_55' title='bbox 1365 1005 1431 1068; x_wconf 93' lang='lat' dir='ltr'>quo</span> <span class='ocrx_word' id='word_1_56' title='bbox 1456 985 1508 1066; x_wconf 91' lang='lat' dir='ltr'>ju·</span> 
     </span>
     <span class='ocr_line' id='line_1_7' title="bbox 239 1091 1510 1174; baseline 0 -20"><span class='ocrx_word' id='word_1_57' title='bbox 239 1094 324 1154; x_wconf 91' lang='lat' dir='ltr'>dicio</span> <span class='ocrx_word' id='word_1_58' title='bbox 338 1093 514 1172; x_wconf 79' lang='lat' dir='ltr'>juratorum</span> <span class='ocrx_word' id='word_1_59' title='bbox 528 1112 593 1153; x_wconf 91' lang='lat' dir='ltr'>non</span> <span class='ocrx_word' id='word_1_60' title='bbox 611 1106 790 1168; x_wconf 91' lang='lat' dir='ltr'>contentus,</span> <span class='ocrx_word' id='word_1_61' title='bbox 812 1091 948 1152; x_wconf 92' lang='lat' dir='ltr'>eandem</span> <span class='ocrx_word' id='word_1_62' title='bbox 967 1111 1093 1152; x_wconf 89' lang='lat' dir='ltr'>causam</span> <span class='ocrx_word' id='word_1_63' title='bbox 1108 1092 1281 1174; x_wconf 89' lang='lat' dir='ltr'>appellavit</span> <span class='ocrx_word' id='word_1_64' title='bbox 1298 1091 1338 1153; x_wconf 90' lang='lat' dir='ltr'>ad</span> <span class='ocrx_word' id='word_1_65' title='bbox 1351 1093 1510 1154; x_wconf 84' lang='lat' dir='ltr'>seniores.</span> 
     </span>
    </p>

    <p class='ocr_par' dir='ltr' id='par_1_3' title="bbox 237 1196 1509 2346">
     <span class='ocr_line' id='line_1_8' title="bbox 345 1196 1508 1279; baseline -0.001 -19"><span class='ocrx_word' id='word_1_66' title='bbox 345 1200 421 1260; x_wconf 91' lang='lat' dir='ltr'>ltem</span> <span class='ocrx_word' id='word_1_67' title='bbox 446 1217 572 1259; x_wconf 90' lang='lat' dir='ltr'>causam</span> <span class='ocrx_word' id='word_1_68' title='bbox 600 1198 681 1258; x_wconf 92' lang='lat' dir='ltr'>inter</span> <span class='ocrx_word' id='word_1_69' title='bbox 704 1197 892 1258; x_wconf 90' lang='lat' dir='ltr'>Michaelem</span> <span class='ocrx_word' id='word_1_70' title='bbox 911 1196 1094 1279; x_wconf 88' lang='lat' dir='ltr'>pellificem,</span> <span class='ocrx_word' id='word_1_71' title='bbox 1117 1198 1278 1259; x_wconf 89' lang='lat' dir='ltr'>seniorem</span> <span class='ocrx_word' id='word_1_72' title='bbox 1302 1197 1454 1277; x_wconf 87' lang='lat' dir='ltr'>juratum,</span> <span class='ocrx_word' id='word_1_73' title='bbox 1472 1212 1508 1259; x_wconf 88' lang='lat' dir='ltr'>et</span> 
     </span>
     <span class='ocr_line' id='line_1_9' title="bbox 238 1303 1503 1382; baseline -0.001 -16"><span class='ocrx_word' id='word_1_74' title='bbox 238 1306 319 1367; x_wconf 88' lang='lat' dir='ltr'>inter</span> <span class='ocrx_word' id='word_1_75' title='bbox 343 1306 462 1366; x_wconf 85' lang='lat' dir='ltr'>Lucam</span> <span class='ocrx_word' id='word_1_76' title='bbox 480 1318 632 1381; x_wconf 91' lang='lat' dir='ltr'>sutorem,</span> <span class='ocrx_word' id='word_1_77' title='bbox 658 1303 805 1364; x_wconf 88' lang='lat' dir='ltr'>concives</span> <span class='ocrx_word' id='word_1_78' title='bbox 825 1318 960 1381; x_wconf 91' lang='lat' dir='ltr'>nostros,</span> <span class='ocrx_word' id='word_1_79' title='bbox 978 1304 1107 1365; x_wconf 89' lang='lat' dir='ltr'>racione</span> <span class='ocrx_word' id='word_1_80' title='bbox 1131 1305 1298 1366; x_wconf 89' lang='lat' dir='ltr'>cuiusdam</span> <span class='ocrx_word' id='word_1_81' title='bbox 1323 1304 1503 1382; x_wconf 76' lang='lat' dir='ltr'>iuramenti</span> 
     </span>
     <span class='ocr_line' id='line_1_10' title="bbox 238 1409 1509 1492; baseline -0.001 -20"><span class='ocrx_word' id='word_1_82' title='bbox 238 1412 325 1492; x_wconf 90' lang='lat' dir='ltr'>quod</span> <span class='ocrx_word' id='word_1_83' title='bbox 359 1412 424 1492; x_wconf 90' lang='lat' dir='ltr'>ipse</span> <span class='ocrx_word' id='word_1_84' title='bbox 450 1409 587 1472; x_wconf 87' lang='lat' dir='ltr'>Michael</span> <span class='ocrx_word' id='word_1_85' title='bbox 620 1424 730 1471; x_wconf 86' lang='lat' dir='ltr'>contra</span> <span class='ocrx_word' id='word_1_86' title='bbox 763 1409 867 1491; x_wconf 86' lang='lat' dir='ltr'>ipsum</span> <span class='ocrx_word' id='word_1_87' title='bbox 902 1410 1021 1470; x_wconf 89' lang='lat' dir='ltr'>Lucam</span> <span class='ocrx_word' id='word_1_88' title='bbox 1058 1410 1207 1492; x_wconf 90' lang='lat' dir='ltr'>deposuit</span> <span class='ocrx_word' id='word_1_89' title='bbox 1239 1424 1269 1472; x_wconf 91' lang='lat' dir='ltr'>et</span> <span class='ocrx_word' id='word_1_90' title='bbox 1301 1410 1368 1492; x_wconf 89' lang='lat' dir='ltr'>ipse</span> <span class='ocrx_word' id='word_1_91' title='bbox 1401 1410 1509 1472; x_wconf 89' lang='lat' dir='ltr'>Lucas</span> 
     </span>
     <span class='ocr_line' id='line_1_11' title="bbox 237 1514 1507 1600; baseline -0.001 -21"><span class='ocrx_word' id='word_1_92' title='bbox 237 1517 412 1600; x_wconf 84' lang='lat' dir='ltr'>appellavit</span> <span class='ocrx_word' id='word_1_93' title='bbox 436 1517 539 1598; x_wconf 89' lang='lat' dir='ltr'>ipsum</span> <span class='ocrx_word' id='word_1_94' title='bbox 565 1515 757 1577; x_wconf 90' lang='lat' dir='ltr'>Michaelem</span> <span class='ocrx_word' id='word_1_95' title='bbox 782 1514 859 1576; x_wconf 86' lang='lat' dir='ltr'>false</span> <span class='ocrx_word' id='word_1_96' title='bbox 883 1515 1003 1595; x_wconf 83' lang='lat' dir='ltr'>jurasse</span> <span class='ocrx_word' id='word_1_97' title='bbox 1028 1516 1108 1578; x_wconf 84' lang='lat' dir='ltr'>dixit</span> <span class='ocrx_word' id='word_1_98' title='bbox 1132 1535 1240 1578; x_wconf 84' lang='lat' dir='ltr'>coram</span> <span class='ocrx_word' id='word_1_99' title='bbox 1266 1517 1375 1579; x_wconf 91' lang='lat' dir='ltr'>Marco</span> <span class='ocrx_word' id='word_1_100' title='bbox 1399 1516 1507 1597; x_wconf 85' lang='lat' dir='ltr'>jurato</span> 
     </span>
     <span class='ocr_line' id='line_1_12' title="bbox 239 1622 1507 1706; baseline -0.001 -20"><span class='ocrx_word' id='word_1_101' title='bbox 239 1640 269 1686; x_wconf 90' lang='lat' dir='ltr'>et</span> <span class='ocrx_word' id='word_1_102' title='bbox 294 1625 375 1701; x_wconf 87' lang='lat' dir='ltr'>aliis,</span> <span class='ocrx_word' id='word_1_103' title='bbox 392 1623 486 1701; x_wconf 87' lang='lat' dir='ltr'>jurati</span> <span class='ocrx_word' id='word_1_104' title='bbox 511 1623 746 1701; x_wconf 89' lang='lat' dir='ltr'>adjudicarunt,</span> <span class='ocrx_word' id='word_1_105' title='bbox 763 1622 851 1703; x_wconf 93' lang='lat' dir='ltr'>quod</span> <span class='ocrx_word' id='word_1_106' title='bbox 870 1624 937 1705; x_wconf 91' lang='lat' dir='ltr'>ipse</span> <span class='ocrx_word' id='word_1_107' title='bbox 963 1623 1066 1684; x_wconf 88' lang='lat' dir='ltr'>Lucas</span> <span class='ocrx_word' id='word_1_108' title='bbox 1082 1623 1114 1684; x_wconf 94' lang='lat' dir='ltr'>in</span> <span class='ocrx_word' id='word_1_109' title='bbox 1132 1624 1238 1706; x_wconf 91' lang='lat' dir='ltr'>primo</span> <span class='ocrx_word' id='word_1_110' title='bbox 1255 1623 1375 1705; x_wconf 79' lang='lat' dir='ltr'>judicio</span> <span class='ocrx_word' id='word_1_111' title='bbox 1393 1639 1507 1687; x_wconf 86' lang='lat' dir='ltr'>contra</span> 
     </span>
     <span class='ocr_line' id='line_1_13' title="bbox 239 1728 1508 1813; baseline -0.001 -21"><span class='ocrx_word' id='word_1_112' title='bbox 239 1732 342 1813; x_wconf 91' lang='lat' dir='ltr'>ipsum</span> <span class='ocrx_word' id='word_1_113' title='bbox 369 1732 579 1809; x_wconf 88' lang='lat' dir='ltr'>comprobare</span> <span class='ocrx_word' id='word_1_114' title='bbox 601 1728 773 1806; x_wconf 91' lang='lat' dir='ltr'>tenebitur,</span> <span class='ocrx_word' id='word_1_115' title='bbox 790 1729 815 1788; x_wconf 91' lang='lat' dir='ltr'>si</span> <span class='ocrx_word' id='word_1_116' title='bbox 835 1748 899 1790; x_wconf 92' lang='lat' dir='ltr'>non</span> <span class='ocrx_word' id='word_1_117' title='bbox 918 1730 1152 1811; x_wconf 85' lang='lat' dir='ltr'>comprobabit,</span> <span class='ocrx_word' id='word_1_118' title='bbox 1169 1745 1284 1791; x_wconf 86' lang='lat' dir='ltr'>extunc</span> <span class='ocrx_word' id='word_1_119' title='bbox 1297 1730 1356 1791; x_wconf 93' lang='lat' dir='ltr'>erit</span> <span class='ocrx_word' id='word_1_120' title='bbox 1379 1728 1410 1790; x_wconf 94' lang='lat' dir='ltr'>in</span> <span class='ocrx_word' id='word_1_121' title='bbox 1429 1729 1508 1791; x_wconf 87' lang='lat' dir='ltr'>vivo</span> 
     </span>
     <span class='ocr_line' id='line_1_14' title="bbox 239 1833 1506 1918; baseline -0.001 -20"><span class='ocrx_word' id='word_1_122' title='bbox 239 1837 403 1918; x_wconf 76' lang='lat' dir='ltr'>homagio</span> <span class='ocrx_word' id='word_1_123' title='bbox 429 1836 505 1897; x_wconf 91' lang='lat' dir='ltr'>Item</span> <span class='ocrx_word' id='word_1_124' title='bbox 524 1836 611 1916; x_wconf 94' lang='lat' dir='ltr'>quod</span> <span class='ocrx_word' id='word_1_125' title='bbox 630 1833 771 1917; x_wconf 82' lang='lat' dir='ltr'>prelatus</span> <span class='ocrx_word' id='word_1_126' title='bbox 795 1835 896 1896; x_wconf 83' lang='lat' dir='ltr'>Lucas</span> <span class='ocrx_word' id='word_1_127' title='bbox 911 1850 1000 1897; x_wconf 92' lang='lat' dir='ltr'>sutor</span> <span class='ocrx_word' id='word_1_128' title='bbox 1017 1835 1120 1915; x_wconf 84' lang='lat' dir='ltr'>jurare</span> <span class='ocrx_word' id='word_1_129' title='bbox 1144 1837 1315 1915; x_wconf 90' lang='lat' dir='ltr'>tenebitur,</span> <span class='ocrx_word' id='word_1_130' title='bbox 1332 1835 1420 1917; x_wconf 92' lang='lat' dir='ltr'>quod</span> <span class='ocrx_word' id='word_1_131' title='bbox 1438 1855 1506 1897; x_wconf 92' lang='lat' dir='ltr'>non</span> 
     </span>
     <span class='ocr_line' id='line_1_15' title="bbox 238 1942 1507 2026; baseline -0.001 -21"><span class='ocrx_word' id='word_1_132' title='bbox 238 1945 400 2026; x_wconf 86' lang='lat' dir='ltr'>obligatur</span> <span class='ocrx_word' id='word_1_133' title='bbox 424 1944 529 2005; x_wconf 92' lang='lat' dir='ltr'>eidem</span> <span class='ocrx_word' id='word_1_134' title='bbox 557 1942 706 2003; x_wconf 89' lang='lat' dir='ltr'>Michaeli</span> <span class='ocrx_word' id='word_1_135' title='bbox 732 1955 795 2004; x_wconf 90' lang='lat' dir='ltr'>tres</span> <span class='ocrx_word' id='word_1_136' title='bbox 828 1962 944 2024; x_wconf 86' lang='lat' dir='ltr'>pensas</span> <span class='ocrx_word' id='word_1_137' title='bbox 967 1943 1023 2004; x_wconf 91' lang='lat' dir='ltr'>sed</span> <span class='ocrx_word' id='word_1_138' title='bbox 1058 1957 1182 2004; x_wconf 89' lang='lat' dir='ltr'>tantum</span> <span class='ocrx_word' id='word_1_139' title='bbox 1207 1944 1320 2005; x_wconf 90' lang='lat' dir='ltr'>decem</span> <span class='ocrx_word' id='word_1_140' title='bbox 1344 1943 1507 2022; x_wconf 89' lang='lat' dir='ltr'>denarios,</span> 
     </span>
     <span class='ocr_line' id='line_1_16' title="bbox 238 2048 1507 2128; baseline 0 -16"><span class='ocrx_word' id='word_1_141' title='bbox 238 2051 394 2113; x_wconf 89' lang='lat' dir='ltr'>hodierna</span> <span class='ocrx_word' id='word_1_142' title='bbox 419 2050 482 2128; x_wconf 93' lang='lat' dir='ltr'>die,</span> <span class='ocrx_word' id='word_1_143' title='bbox 508 2050 586 2110; x_wconf 90' lang='lat' dir='ltr'>etsi</span> <span class='ocrx_word' id='word_1_144' title='bbox 613 2069 676 2109; x_wconf 93' lang='lat' dir='ltr'>non</span> <span class='ocrx_word' id='word_1_145' title='bbox 710 2048 837 2128; x_wconf 84' lang='lat' dir='ltr'>jurabit,</span> <span class='ocrx_word' id='word_1_146' title='bbox 866 2063 982 2110; x_wconf 81' lang='lat' dir='ltr'>extunc</span> <span class='ocrx_word' id='word_1_147' title='bbox 1013 2049 1173 2110; x_wconf 88' lang='lat' dir='ltr'>tenebitur</span> <span class='ocrx_word' id='word_1_148' title='bbox 1197 2049 1346 2111; x_wconf 88' lang='lat' dir='ltr'>Michaeli</span> <span class='ocrx_word' id='word_1_149' title='bbox 1378 2049 1507 2112; x_wconf 89' lang='lat' dir='ltr'>solvere</span> 
     </span>
     <span class='ocr_line' id='line_1_17' title="bbox 238 2155 1506 2240; baseline -0.002 -21"><span class='ocrx_word' id='word_1_150' title='bbox 238 2159 322 2240; x_wconf 89' lang='lat' dir='ltr'>ipsas</span> <span class='ocrx_word' id='word_1_151' title='bbox 345 2172 408 2218; x_wconf 90' lang='lat' dir='ltr'>tres</span> <span class='ocrx_word' id='word_1_152' title='bbox 432 2176 546 2239; x_wconf 86' lang='lat' dir='ltr'>pensas</span> <span class='ocrx_word' id='word_1_153' title='bbox 569 2168 599 2216; x_wconf 89' lang='lat' dir='ltr'>et</span> <span class='ocrx_word' id='word_1_154' title='bbox 622 2155 757 2216; x_wconf 91' lang='lat' dir='ltr'>totidem</span> <span class='ocrx_word' id='word_1_155' title='bbox 785 2156 894 2216; x_wconf 89' lang='lat' dir='ltr'>Marco</span> <span class='ocrx_word' id='word_1_156' title='bbox 912 2155 1035 2235; x_wconf 87' lang='lat' dir='ltr'>jurato;</span> <span class='ocrx_word' id='word_1_157' title='bbox 1060 2156 1195 2217; x_wconf 89' lang='lat' dir='ltr'>eandem</span> <span class='ocrx_word' id='word_1_158' title='bbox 1221 2175 1349 2217; x_wconf 91' lang='lat' dir='ltr'>causam</span> <span class='ocrx_word' id='word_1_159' title='bbox 1375 2156 1506 2218; x_wconf 90' lang='lat' dir='ltr'>racione</span> 
     </span>
     <span class='ocr_line' id='line_1_18' title="bbox 238 2262 1319 2346; baseline -0.002 -20"><span class='ocrx_word' id='word_1_160' title='bbox 238 2263 517 2346; x_wconf 89' lang='lat' dir='ltr'>comprobacionis</span> <span class='ocrx_word' id='word_1_161' title='bbox 542 2263 607 2343; x_wconf 92' lang='lat' dir='ltr'>ipse</span> <span class='ocrx_word' id='word_1_162' title='bbox 633 2262 735 2321; x_wconf 89' lang='lat' dir='ltr'>Lucas</span> <span class='ocrx_word' id='word_1_163' title='bbox 760 2262 934 2342; x_wconf 88' lang='lat' dir='ltr'>appellavit</span> <span class='ocrx_word' id='word_1_164' title='bbox 958 2262 997 2322; x_wconf 89' lang='lat' dir='ltr'>ad</span> <span class='ocrx_word' id='word_1_165' title='bbox 1022 2262 1163 2323; x_wconf 85' lang='lat' dir='ltr'>seniores</span> <span class='ocrx_word' id='word_1_166' title='bbox 1187 2262 1319 2342; x_wconf 81' lang='lat' dir='ltr'>judices.</span> 
     </span>
    </p>

    <p class='ocr_par' dir='ltr' id='par_1_4' title="bbox 238 2367 1505 2557">
     <span class='ocr_line' id='line_1_19' title="bbox 342 2367 1505 2451; baseline 0.002 -23"><span class='ocrx_word' id='word_1_167' title='bbox 342 2368 419 2431; x_wconf 90' lang='lat' dir='ltr'>ltem</span> <span class='ocrx_word' id='word_1_168' title='bbox 444 2368 519 2450; x_wconf 90' lang='lat' dir='ltr'>quia</span> <span class='ocrx_word' id='word_1_169' title='bbox 544 2367 728 2428; x_wconf 80' lang='lat' dir='ltr'>Anthonius</span> <span class='ocrx_word' id='word_1_170' title='bbox 753 2367 974 2451; x_wconf 83' lang='lat' dir='ltr'>Scrobotbych</span> <span class='ocrx_word' id='word_1_171' title='bbox 1004 2369 1151 2429; x_wconf 90' lang='lat' dir='ltr'>terciario</span> <span class='ocrx_word' id='word_1_172' title='bbox 1176 2382 1286 2430; x_wconf 87' lang='lat' dir='ltr'>contra</span> <span class='ocrx_word' id='word_1_173' title='bbox 1311 2367 1505 2430; x_wconf 88' lang='lat' dir='ltr'>Michaelem</span> 
     </span>
     <span class='ocr_line' id='line_1_20' title="bbox 238 2474 1109 2557; baseline -0.001 -21"><span class='ocrx_word' id='word_1_174' title='bbox 238 2476 451 2536; x_wconf 89' lang='lat' dir='ltr'>baccalarium</span> <span class='ocrx_word' id='word_1_175' title='bbox 476 2475 600 2550; x_wconf 91' lang='lat' dir='ltr'>citatus,</span> <span class='ocrx_word' id='word_1_176' title='bbox 625 2474 656 2535; x_wconf 93' lang='lat' dir='ltr'>in</span> <span class='ocrx_word' id='word_1_177' title='bbox 683 2474 803 2555; x_wconf 82' lang='lat' dir='ltr'>judicio</span> <span class='ocrx_word' id='word_1_178' title='bbox 828 2495 892 2536; x_wconf 92' lang='lat' dir='ltr'>non</span> <span class='ocrx_word' id='word_1_179' title='bbox 918 2476 1109 2557; x_wconf 87' lang='lat' dir='ltr'>comparuit.</span> 
     </span>
    </p>

    <p class='ocr_par' dir='ltr' id='par_1_5' title="bbox 237 2580 1504 3619">
     <span class='ocr_line' id='line_1_21' title="bbox 343 2580 1504 2663; baseline 0 -21"><span class='ocrx_word' id='word_1_180' title='bbox 343 2582 420 2644; x_wconf 90' lang='lat' dir='ltr'>ltem</span> <span class='ocrx_word' id='word_1_181' title='bbox 453 2601 581 2642; x_wconf 89' lang='lat' dir='ltr'>causam</span> <span class='ocrx_word' id='word_1_182' title='bbox 606 2583 688 2642; x_wconf 92' lang='lat' dir='ltr'>inter</span> <span class='ocrx_word' id='word_1_183' title='bbox 721 2581 911 2643; x_wconf 90' lang='lat' dir='ltr'>Michaelem</span> <span class='ocrx_word' id='word_1_184' title='bbox 945 2581 1103 2661; x_wconf 78' lang='lat' dir='ltr'>juniorem</span> <span class='ocrx_word' id='word_1_185' title='bbox 1146 2580 1316 2663; x_wconf 86' lang='lat' dir='ltr'>pellificem</span> <span class='ocrx_word' id='word_1_186' title='bbox 1351 2596 1382 2642; x_wconf 90' lang='lat' dir='ltr'>et</span> <span class='ocrx_word' id='word_1_187' title='bbox 1418 2581 1504 2643; x_wconf 89' lang='lat' dir='ltr'>inter</span> 
     </span>
     <span class='ocr_line' id='line_1_22' title="bbox 238 2686 1499 2770; baseline 0.001 -21"><span class='ocrx_word' id='word_1_188' title='bbox 238 2688 401 2749; x_wconf 88' lang='lat' dir='ltr'>Thomam</span> <span class='ocrx_word' id='word_1_189' title='bbox 419 2688 594 2770; x_wconf 76' lang='lat' dir='ltr'>Selesnyak</span> <span class='ocrx_word' id='word_1_190' title='bbox 612 2688 740 2748; x_wconf 87' lang='lat' dir='ltr'>racione</span> <span class='ocrx_word' id='word_1_191' title='bbox 757 2686 907 2749; x_wconf 85' lang='lat' dir='ltr'>fossionis</span> <span class='ocrx_word' id='word_1_192' title='bbox 923 2689 1090 2749; x_wconf 92' lang='lat' dir='ltr'>cuiusdam</span> <span class='ocrx_word' id='word_1_193' title='bbox 1111 2689 1231 2750; x_wconf 85' lang='lat' dir='ltr'>canalis</span> <span class='ocrx_word' id='word_1_194' title='bbox 1248 2708 1346 2770; x_wconf 91' lang='lat' dir='ltr'>penes</span> <span class='ocrx_word' id='word_1_195' title='bbox 1363 2688 1499 2750; x_wconf 91' lang='lat' dir='ltr'>domum</span> 
     </span>
     <span class='ocr_line' id='line_1_23' title="bbox 237 2793 1503 2877; baseline 0.002 -22"><span class='ocrx_word' id='word_1_196' title='bbox 237 2796 337 2877; x_wconf 90' lang='lat' dir='ltr'>ipsius</span> <span class='ocrx_word' id='word_1_197' title='bbox 370 2794 536 2856; x_wconf 89' lang='lat' dir='ltr'>Michaelis</span> <span class='ocrx_word' id='word_1_198' title='bbox 570 2793 643 2854; x_wconf 86' lang='lat' dir='ltr'>facti</span> <span class='ocrx_word' id='word_1_199' title='bbox 673 2815 728 2876; x_wconf 90' lang='lat' dir='ltr'>per</span> <span class='ocrx_word' id='word_1_200' title='bbox 760 2796 864 2876; x_wconf 89' lang='lat' dir='ltr'>ipsum</span> <span class='ocrx_word' id='word_1_201' title='bbox 900 2794 1074 2871; x_wconf 89' lang='lat' dir='ltr'>Thomam,</span> <span class='ocrx_word' id='word_1_202' title='bbox 1099 2810 1130 2857; x_wconf 93' lang='lat' dir='ltr'>et</span> <span class='ocrx_word' id='word_1_203' title='bbox 1164 2796 1238 2876; x_wconf 90' lang='lat' dir='ltr'>quia</span> <span class='ocrx_word' id='word_1_204' title='bbox 1264 2796 1386 2877; x_wconf 91' lang='lat' dir='ltr'>priores</span> <span class='ocrx_word' id='word_1_205' title='bbox 1409 2794 1503 2875; x_wconf 88' lang='lat' dir='ltr'>jurati</span> 
     </span>
     <span class='ocr_line' id='line_1_24' title="bbox 237 2901 1501 2983; baseline 0.002 -22"><span class='ocrx_word' id='word_1_206' title='bbox 237 2901 391 2962; x_wconf 90' lang='lat' dir='ltr'>dederant</span> <span class='ocrx_word' id='word_1_207' title='bbox 426 2901 648 2962; x_wconf 87' lang='lat' dir='ltr'>auctoritatem</span> <span class='ocrx_word' id='word_1_208' title='bbox 686 2902 791 2963; x_wconf 92' lang='lat' dir='ltr'>eidem</span> <span class='ocrx_word' id='word_1_209' title='bbox 829 2902 977 2963; x_wconf 90' lang='lat' dir='ltr'>Michaeli</span> <span class='ocrx_word' id='word_1_210' title='bbox 1011 2901 1150 2963; x_wconf 83' lang='lat' dir='ltr'>effodere</span> <span class='ocrx_word' id='word_1_211' title='bbox 1187 2902 1291 2983; x_wconf 90' lang='lat' dir='ltr'>ipsum</span> <span class='ocrx_word' id='word_1_212' title='bbox 1327 2903 1437 2963; x_wconf 89' lang='lat' dir='ltr'>canale</span> <span class='ocrx_word' id='word_1_213' title='bbox 1470 2918 1501 2964; x_wconf 89' lang='lat' dir='ltr'>et</span> 
     </span>
     <span class='ocr_line' id='line_1_25' title="bbox 238 3008 1502 3089; baseline 0.002 -23"><span class='ocrx_word' id='word_1_214' title='bbox 238 3008 371 3067; x_wconf 92' lang='lat' dir='ltr'>domum</span> <span class='ocrx_word' id='word_1_215' title='bbox 399 3026 488 3067; x_wconf 89' lang='lat' dir='ltr'>suam</span> <span class='ocrx_word' id='word_1_216' title='bbox 514 3022 681 3088; x_wconf 86' lang='lat' dir='ltr'>protegere</span> <span class='ocrx_word' id='word_1_217' title='bbox 707 3009 746 3067; x_wconf 91' lang='lat' dir='ltr'>ab</span> <span class='ocrx_word' id='word_1_218' title='bbox 780 3026 861 3088; x_wconf 87' lang='lat' dir='ltr'>aqua</span> <span class='ocrx_word' id='word_1_219' title='bbox 887 3023 917 3068; x_wconf 89' lang='lat' dir='ltr'>et</span> <span class='ocrx_word' id='word_1_220' title='bbox 942 3008 1094 3068; x_wconf 86' lang='lat' dir='ltr'>celarium</span> <span class='ocrx_word' id='word_1_221' title='bbox 1117 3027 1222 3084; x_wconf 90' lang='lat' dir='ltr'>suum,</span> <span class='ocrx_word' id='word_1_222' title='bbox 1246 3009 1355 3089; x_wconf 89' lang='lat' dir='ltr'>sicque</span> <span class='ocrx_word' id='word_1_223' title='bbox 1380 3022 1409 3069; x_wconf 91' lang='lat' dir='ltr'>et</span> <span class='ocrx_word' id='word_1_224' title='bbox 1434 3028 1502 3068; x_wconf 92' lang='lat' dir='ltr'>mo·</span> 
     </span>
     <span class='ocr_line' id='line_1_26' title="bbox 237 3112 1503 3196; baseline 0.003 -24"><span class='ocrx_word' id='word_1_225' title='bbox 237 3113 327 3173; x_wconf 89' lang='lat' dir='ltr'>derni</span> <span class='ocrx_word' id='word_1_226' title='bbox 353 3112 444 3191; x_wconf 85' lang='lat' dir='ltr'>jurati</span> <span class='ocrx_word' id='word_1_227' title='bbox 473 3113 675 3190; x_wconf 88' lang='lat' dir='ltr'>invenerunt,</span> <span class='ocrx_word' id='word_1_228' title='bbox 703 3113 791 3194; x_wconf 94' lang='lat' dir='ltr'>quod</span> <span class='ocrx_word' id='word_1_229' title='bbox 824 3134 860 3173; x_wconf 87' lang='lat' dir='ltr'>ex</span> <span class='ocrx_word' id='word_1_230' title='bbox 886 3134 952 3194; x_wconf 94' lang='lat' dir='ltr'>quo</span> <span class='ocrx_word' id='word_1_231' title='bbox 986 3115 1053 3196; x_wconf 88' lang='lat' dir='ltr'>ipse</span> <span class='ocrx_word' id='word_1_232' title='bbox 1078 3114 1215 3175; x_wconf 86' lang='lat' dir='ltr'>Michael</span> <span class='ocrx_word' id='word_1_233' title='bbox 1241 3116 1328 3196; x_wconf 91' lang='lat' dir='ltr'>prius</span> <span class='ocrx_word' id='word_1_234' title='bbox 1353 3135 1416 3176; x_wconf 91' lang='lat' dir='ltr'>non</span> <span class='ocrx_word' id='word_1_235' title='bbox 1443 3114 1503 3176; x_wconf 87' lang='lat' dir='ltr'>fuit</span> 
     </span>
     <span class='ocr_line' id='line_1_27' title="bbox 237 3219 1502 3303; baseline 0.004 -26"><span class='ocrx_word' id='word_1_236' title='bbox 237 3233 423 3299; x_wconf 90' lang='lat' dir='ltr'>prosecutus</span> <span class='ocrx_word' id='word_1_237' title='bbox 449 3220 553 3300; x_wconf 90' lang='lat' dir='ltr'>ipsum</span> <span class='ocrx_word' id='word_1_238' title='bbox 579 3219 742 3280; x_wconf 87' lang='lat' dir='ltr'>Thomam</span> <span class='ocrx_word' id='word_1_239' title='bbox 768 3221 897 3281; x_wconf 90' lang='lat' dir='ltr'>racione</span> <span class='ocrx_word' id='word_1_240' title='bbox 930 3221 1028 3302; x_wconf 91' lang='lat' dir='ltr'>ipsius</span> <span class='ocrx_word' id='word_1_241' title='bbox 1053 3222 1182 3298; x_wconf 87' lang='lat' dir='ltr'>canalis,</span> <span class='ocrx_word' id='word_1_242' title='bbox 1206 3222 1262 3281; x_wconf 89' lang='lat' dir='ltr'>sed</span> <span class='ocrx_word' id='word_1_243' title='bbox 1288 3223 1354 3303; x_wconf 91' lang='lat' dir='ltr'>ipse</span> <span class='ocrx_word' id='word_1_244' title='bbox 1380 3221 1502 3300; x_wconf 87' lang='lat' dir='ltr'>effodit,</span> 
     </span>
     <span class='ocr_line' id='line_1_28' title="bbox 237 3324 1500 3409; baseline 0.002 -24"><span class='ocrx_word' id='word_1_245' title='bbox 237 3324 324 3405; x_wconf 94' lang='lat' dir='ltr'>quod</span> <span class='ocrx_word' id='word_1_246' title='bbox 351 3326 417 3405; x_wconf 89' lang='lat' dir='ltr'>ipse</span> <span class='ocrx_word' id='word_1_247' title='bbox 437 3324 574 3385; x_wconf 86' lang='lat' dir='ltr'>Michael</span> <span class='ocrx_word' id='word_1_248' title='bbox 600 3345 664 3385; x_wconf 91' lang='lat' dir='ltr'>non</span> <span class='ocrx_word' id='word_1_249' title='bbox 683 3326 783 3406; x_wconf 85' lang='lat' dir='ltr'>possit</span> <span class='ocrx_word' id='word_1_250' title='bbox 800 3327 950 3407; x_wconf 87' lang='lat' dir='ltr'>prosequi</span> <span class='ocrx_word' id='word_1_251' title='bbox 970 3326 1146 3408; x_wconf 90' lang='lat' dir='ltr'>dampnum</span> <span class='ocrx_word' id='word_1_252' title='bbox 1164 3347 1258 3387; x_wconf 89' lang='lat' dir='ltr'>suurn</span> <span class='ocrx_word' id='word_1_253' title='bbox 1284 3347 1378 3409; x_wconf 92' lang='lat' dir='ltr'>super</span> <span class='ocrx_word' id='word_1_254' title='bbox 1396 3328 1500 3409; x_wconf 91' lang='lat' dir='ltr'>ipsum</span> 
     </span>
     <span class='ocr_line' id='line_1_29' title="bbox 237 3430 1502 3513; baseline 0.002 -22"><span class='ocrx_word' id='word_1_255' title='bbox 237 3430 418 3507; x_wconf 85' lang='lat' dir='ltr'>Thomam;</span> <span class='ocrx_word' id='word_1_256' title='bbox 452 3432 581 3512; x_wconf 90' lang='lat' dir='ltr'>dequo</span> <span class='ocrx_word' id='word_1_257' title='bbox 613 3432 733 3511; x_wconf 85' lang='lat' dir='ltr'>judicio</span> <span class='ocrx_word' id='word_1_258' title='bbox 765 3433 906 3513; x_wconf 91' lang='lat' dir='ltr'>ipsorum</span> <span class='ocrx_word' id='word_1_259' title='bbox 940 3433 1115 3513; x_wconf 87' lang='lat' dir='ltr'>juratorum</span> <span class='ocrx_word' id='word_1_260' title='bbox 1150 3454 1213 3494; x_wconf 93' lang='lat' dir='ltr'>non</span> <span class='ocrx_word' id='word_1_261' title='bbox 1249 3448 1429 3512; x_wconf 89' lang='lat' dir='ltr'>contentus,</span> <span class='ocrx_word' id='word_1_262' title='bbox 1461 3434 1502 3495; x_wconf 88' lang='lat' dir='ltr'>ad</span> 
     </span>
     <span class='ocr_line' id='line_1_30' title="bbox 240 3537 735 3619; baseline 0.006 -22"><span class='ocrx_word' id='word_1_263' title='bbox 240 3537 382 3598; x_wconf 87' lang='lat' dir='ltr'>seniores</span> <span class='ocrx_word' id='word_1_264' title='bbox 406 3537 580 3619; x_wconf 88' lang='lat' dir='ltr'>appellavit</span> <span class='ocrx_word' id='word_1_265' title='bbox 604 3537 735 3618; x_wconf 87' lang='lat' dir='ltr'>judices.</span> 
     </span>
    </p>

    <p class='ocr_par' dir='ltr' id='par_1_6' title="bbox 235 3644 1502 4255">
     <span class='ocr_line' id='line_1_31' title="bbox 343 3644 1502 3729; baseline 0.002 -25"><span class='ocrx_word' id='word_1_266' title='bbox 343 3644 419 3705; x_wconf 90' lang='lat' dir='ltr'>ltem</span> <span class='ocrx_word' id='word_1_267' title='bbox 434 3664 560 3705; x_wconf 88' lang='lat' dir='ltr'>causam</span> <span class='ocrx_word' id='word_1_268' title='bbox 576 3645 656 3705; x_wconf 89' lang='lat' dir='ltr'>inter</span> <span class='ocrx_word' id='word_1_269' title='bbox 667 3645 875 3706; x_wconf 90' lang='lat' dir='ltr'>Benedictum</span> <span class='ocrx_word' id='word_1_270' title='bbox 888 3646 1038 3729; x_wconf 79' lang='lat' dir='ltr'>Krupycb</span> <span class='ocrx_word' id='word_1_271' title='bbox 1053 3661 1084 3708; x_wconf 91' lang='lat' dir='ltr'>et</span> <span class='ocrx_word' id='word_1_272' title='bbox 1097 3647 1178 3707; x_wconf 93' lang='lat' dir='ltr'>inter</span> <span class='ocrx_word' id='word_1_273' title='bbox 1189 3647 1396 3708; x_wconf 75' lang='lat' dir='ltr'>benedictum</span> <span class='ocrx_word' id='word_1_274' title='bbox 1415 3646 1502 3708; x_wconf 90' lang='lat' dir='ltr'>insti·</span> 
     </span>
     <span class='ocr_line' id='line_1_32' title="bbox 235 3752 1502 3835; baseline 0.003 -24"><span class='ocrx_word' id='word_1_275' title='bbox 235 3766 348 3827; x_wconf 90' lang='lat' dir='ltr'>torem,</span> <span class='ocrx_word' id='word_1_276' title='bbox 381 3752 529 3813; x_wconf 88' lang='lat' dir='ltr'>concives</span> <span class='ocrx_word' id='word_1_277' title='bbox 554 3767 689 3829; x_wconf 89' lang='lat' dir='ltr'>nostros,</span> <span class='ocrx_word' id='word_1_278' title='bbox 722 3754 848 3813; x_wconf 89' lang='lat' dir='ltr'>racione</span> <span class='ocrx_word' id='word_1_279' title='bbox 880 3754 1072 3834; x_wconf 86' lang='lat' dir='ltr'>suspicionis</span> <span class='ocrx_word' id='word_1_280' title='bbox 1103 3753 1295 3835; x_wconf 87' lang='lat' dir='ltr'>apericionis</span> <span class='ocrx_word' id='word_1_281' title='bbox 1328 3754 1436 3815; x_wconf 89' lang='lat' dir='ltr'>celarii</span> <span class='ocrx_word' id='word_1_282' title='bbox 1471 3767 1502 3815; x_wconf 90' lang='lat' dir='ltr'>et</span> 
     </span>
     <span class='ocr_line' id='line_1_33' title="bbox 237 3858 1502 3939; baseline 0.003 -22"><span class='ocrx_word' id='word_1_283' title='bbox 237 3858 430 3918; x_wconf 89' lang='lat' dir='ltr'>ebibicionis</span> <span class='ocrx_word' id='word_1_284' title='bbox 456 3859 519 3918; x_wconf 82' lang='lat' dir='ltr'>vini</span> <span class='ocrx_word' id='word_1_285' title='bbox 545 3878 600 3939; x_wconf 90' lang='lat' dir='ltr'>per</span> <span class='ocrx_word' id='word_1_286' title='bbox 625 3859 728 3938; x_wconf 90' lang='lat' dir='ltr'>ipsum</span> <span class='ocrx_word' id='word_1_287' title='bbox 756 3859 966 3919; x_wconf 89' lang='lat' dir='ltr'>Benedictum</span> <span class='ocrx_word' id='word_1_288' title='bbox 985 3859 1162 3919; x_wconf 88' lang='lat' dir='ltr'>institorem</span> <span class='ocrx_word' id='word_1_289' title='bbox 1189 3874 1218 3920; x_wconf 92' lang='lat' dir='ltr'>et</span> <span class='ocrx_word' id='word_1_290' title='bbox 1236 3860 1404 3921; x_wconf 90' lang='lat' dir='ltr'>bominum</span> <span class='ocrx_word' id='word_1_291' title='bbox 1429 3880 1502 3920; x_wconf 91' lang='lat' dir='ltr'>suo·</span> 
     </span>
     <span class='ocr_line' id='line_1_34' title="bbox 238 3964 1502 4046; baseline 0.002 -22"><span class='ocrx_word' id='word_1_292' title='bbox 238 3984 319 4039; x_wconf 86' lang='lat' dir='ltr'>rum,</span> <span class='ocrx_word' id='word_1_293' title='bbox 345 3964 436 4039; x_wconf 84' lang='lat' dir='ltr'>jurati</span> <span class='ocrx_word' id='word_1_294' title='bbox 464 3964 699 4040; x_wconf 80' lang='lat' dir='ltr'>adjudicarunt,</span> <span class='ocrx_word' id='word_1_295' title='bbox 724 3966 812 4044; x_wconf 92' lang='lat' dir='ltr'>quod</span> <span class='ocrx_word' id='word_1_296' title='bbox 839 3966 904 4046; x_wconf 88' lang='lat' dir='ltr'>ipse</span> <span class='ocrx_word' id='word_1_297' title='bbox 928 3966 1119 4027; x_wconf 89' lang='lat' dir='ltr'>Benedictus</span> <span class='ocrx_word' id='word_1_298' title='bbox 1137 3966 1263 4025; x_wconf 91' lang='lat' dir='ltr'>institor</span> <span class='ocrx_word' id='word_1_299' title='bbox 1287 3965 1389 4045; x_wconf 81' lang='lat' dir='ltr'>jurare</span> <span class='ocrx_word' id='word_1_300' title='bbox 1415 3981 1502 4027; x_wconf 89' lang='lat' dir='ltr'>tene·</span> 
     </span>
     <span class='ocr_line' id='line_1_35' title="bbox 239 4070 1502 4153; baseline 0.002 -24"><span class='ocrx_word' id='word_1_301' title='bbox 239 4070 322 4130; x_wconf 87' lang='lat' dir='ltr'>bitur</span> <span class='ocrx_word' id='word_1_302' title='bbox 348 4071 530 4132; x_wconf 80' lang='lat' dir='ltr'>terciusmet</span> <span class='ocrx_word' id='word_1_303' title='bbox 548 4071 692 4150; x_wconf 80' lang='lat' dir='ltr'>proxima</span> <span class='ocrx_word' id='word_1_304' title='bbox 720 4070 796 4131; x_wconf 78' lang='lat' dir='ltr'>feria</span> <span class='ocrx_word' id='word_1_305' title='bbox 813 4086 898 4132; x_wconf 88' lang='lat' dir='ltr'>sexta</span> <span class='ocrx_word' id='word_1_306' title='bbox 925 4087 994 4152; x_wconf 91' lang='lat' dir='ltr'>post</span> <span class='ocrx_word' id='word_1_307' title='bbox 1015 4072 1138 4153; x_wconf 90' lang='lat' dir='ltr'>lapsum</span> <span class='ocrx_word' id='word_1_308' title='bbox 1164 4087 1237 4133; x_wconf 89' lang='lat' dir='ltr'>octo</span> <span class='ocrx_word' id='word_1_309' title='bbox 1262 4073 1386 4133; x_wconf 93' lang='lat' dir='ltr'>dierum</span> <span class='ocrx_word' id='word_1_310' title='bbox 1412 4075 1502 4133; x_wconf 89' lang='lat' dir='ltr'>beate</span> 
     </span>
     <span class='ocr_line' id='line_1_36' title="bbox 239 4176 761 4255; baseline 0.002 -19"><span class='ocrx_word' id='word_1_311' title='bbox 239 4176 438 4255; x_wconf 79' lang='lat' dir='ltr'>Margaretlie</span> <span class='ocrx_word' id='word_1_312' title='bbox 464 4192 493 4235; x_wconf 88' lang='lat' dir='ltr'>et</span> <span class='ocrx_word' id='word_1_313' title='bbox 518 4198 549 4235; x_wconf 83' lang='lat' dir='ltr'>se</span> <span class='ocrx_word' id='word_1_314' title='bbox 575 4196 761 4255; x_wconf 82' lang='lat' dir='ltr'>expurgare.</span> 
     </span>
    </p>

    <p class='ocr_par' dir='ltr' id='par_1_7' title="bbox 237 4281 1503 4896">
     <span class='ocr_line' id='line_1_37' title="bbox 344 4281 1502 4363; baseline 0.004 -23"><span class='ocrx_word' id='word_1_315' title='bbox 344 4281 419 4342; x_wconf 89' lang='lat' dir='ltr'>ltem</span> <span class='ocrx_word' id='word_1_316' title='bbox 447 4283 504 4362; x_wconf 85' lang='lat' dir='ltr'>ipsi</span> <span class='ocrx_word' id='word_1_317' title='bbox 533 4282 707 4342; x_wconf 85' lang='lat' dir='ltr'>Benedicto</span> <span class='ocrx_word' id='word_1_318' title='bbox 734 4282 884 4363; x_wconf 71' lang='lat' dir='ltr'>lx&#39;rupycb</span> <span class='ocrx_word' id='word_1_319' title='bbox 914 4284 1042 4345; x_wconf 81' lang='lat' dir='ltr'>solimet</span> <span class='ocrx_word' id='word_1_320' title='bbox 1068 4283 1280 4357; x_wconf 84' lang='lat' dir='ltr'>juramentum</span> <span class='ocrx_word' id='word_1_321' title='bbox 1308 4300 1354 4344; x_wconf 90' lang='lat' dir='ltr'>cst</span> <span class='ocrx_word' id='word_1_322' title='bbox 1379 4284 1502 4362; x_wconf 86' lang='lat' dir='ltr'>adjudi-</span> 
     </span>
     <span class='ocr_line' id='line_1_38' title="bbox 238 4388 1503 4472; baseline 0.004 -25"><span class='ocrx_word' id='word_1_323' title='bbox 238 4402 343 4447; x_wconf 88' lang='lat' dir='ltr'>catum</span> <span class='ocrx_word' id='word_1_324' title='bbox 369 4388 483 4447; x_wconf 92' lang='lat' dir='ltr'>eodem</span> <span class='ocrx_word' id='word_1_325' title='bbox 510 4388 572 4461; x_wconf 89' lang='lat' dir='ltr'>die,</span> <span class='ocrx_word' id='word_1_326' title='bbox 599 4389 687 4468; x_wconf 94' lang='lat' dir='ltr'>quod</span> <span class='ocrx_word' id='word_1_327' title='bbox 705 4389 771 4470; x_wconf 91' lang='lat' dir='ltr'>ipsc</span> <span class='ocrx_word' id='word_1_328' title='bbox 796 4402 919 4450; x_wconf 90' lang='lat' dir='ltr'>tantum</span> <span class='ocrx_word' id='word_1_329' title='bbox 939 4392 1115 4472; x_wconf 90' lang='lat' dir='ltr'>dampnum</span> <span class='ocrx_word' id='word_1_330' title='bbox 1142 4389 1215 4451; x_wconf 85' lang='lat' dir='ltr'>lecit</span> <span class='ocrx_word' id='word_1_331' title='bbox 1232 4391 1290 4451; x_wconf 92' lang='lat' dir='ltr'>sibi</span> <span class='ocrx_word' id='word_1_332' title='bbox 1318 4391 1347 4450; x_wconf 92' lang='lat' dir='ltr'>in</span> <span class='ocrx_word' id='word_1_333' title='bbox 1366 4392 1503 4469; x_wconf 90' lang='lat' dir='ltr'>scrineo,</span> 
     </span>
     <span class='ocr_line' id='line_1_39' title="bbox 237 4492 1500 4578; baseline 0.005 -26"><span class='ocrx_word' id='word_1_334' title='bbox 237 4509 265 4553; x_wconf 90' lang='lat' dir='ltr'>et</span> <span class='ocrx_word' id='word_1_335' title='bbox 292 4494 367 4553; x_wconf 93' lang='lat' dir='ltr'>dum</span> <span class='ocrx_word' id='word_1_336' title='bbox 394 4492 520 4571; x_wconf 78' lang='lat' dir='ltr'>jurabit,</span> <span class='ocrx_word' id='word_1_337' title='bbox 546 4509 660 4555; x_wconf 80' lang='lat' dir='ltr'>extunc</span> <span class='ocrx_word' id='word_1_338' title='bbox 687 4495 751 4575; x_wconf 89' lang='lat' dir='ltr'>ipse</span> <span class='ocrx_word' id='word_1_339' title='bbox 776 4495 879 4555; x_wconf 86' lang='lat' dir='ltr'>solvet</span> <span class='ocrx_word' id='word_1_340' title='bbox 910 4496 969 4556; x_wconf 91' lang='lat' dir='ltr'>sibi</span> <span class='ocrx_word' id='word_1_341' title='bbox 996 4516 1091 4578; x_wconf 87' lang='lat' dir='ltr'>super</span> <span class='ocrx_word' id='word_1_342' title='bbox 1123 4516 1188 4577; x_wconf 94' lang='lat' dir='ltr'>quo</span> <span class='ocrx_word' id='word_1_343' title='bbox 1214 4496 1338 4576; x_wconf 87' lang='lat' dir='ltr'>jurabit.</span> <span class='ocrx_word' id='word_1_344' title='bbox 1365 4497 1441 4557; x_wconf 86' lang='lat' dir='ltr'>ltem</span> <span class='ocrx_word' id='word_1_345' title='bbox 1470 4499 1500 4558; x_wconf 91' lang='lat' dir='ltr'>in</span> 
     </span>
     <span class='ocr_line' id='line_1_40' title="bbox 238 4599 1501 4685; baseline 0.005 -26"><span class='ocrx_word' id='word_1_346' title='bbox 238 4599 294 4659; x_wconf 92' lang='lat' dir='ltr'>illo</span> <span class='ocrx_word' id='word_1_347' title='bbox 320 4599 406 4679; x_wconf 92' lang='lat' dir='ltr'>quod</span> <span class='ocrx_word' id='word_1_348' title='bbox 433 4600 499 4680; x_wconf 90' lang='lat' dir='ltr'>ipse</span> <span class='ocrx_word' id='word_1_349' title='bbox 526 4601 717 4661; x_wconf 89' lang='lat' dir='ltr'>Benedictus</span> <span class='ocrx_word' id='word_1_350' title='bbox 735 4601 859 4662; x_wconf 84' lang='lat' dir='ltr'>institor</span> <span class='ocrx_word' id='word_1_351' title='bbox 884 4603 1020 4663; x_wconf 88' lang='lat' dir='ltr'>removit</span> <span class='ocrx_word' id='word_1_352' title='bbox 1036 4604 1117 4664; x_wconf 90' lang='lat' dir='ltr'>ollas</span> <span class='ocrx_word' id='word_1_353' title='bbox 1140 4603 1179 4663; x_wconf 90' lang='lat' dir='ltr'>de</span> <span class='ocrx_word' id='word_1_354' title='bbox 1205 4603 1278 4682; x_wconf 84' lang='lat' dir='ltr'>igne</span> <span class='ocrx_word' id='word_1_355' title='bbox 1295 4622 1354 4663; x_wconf 88' lang='lat' dir='ltr'>suo</span> <span class='ocrx_word' id='word_1_356' title='bbox 1378 4617 1408 4663; x_wconf 92' lang='lat' dir='ltr'>et</span> <span class='ocrx_word' id='word_1_357' title='bbox 1435 4604 1501 4685; x_wconf 90' lang='lat' dir='ltr'>ipse</span> 
     </span>
     <span class='ocr_line' id='line_1_41' title="bbox 240 4705 1500 4791; baseline 0.005 -26"><span class='ocrx_word' id='word_1_358' title='bbox 240 4705 429 4766; x_wconf 82' lang='lat' dir='ltr'>lienedictus</span> <span class='ocrx_word' id='word_1_359' title='bbox 462 4707 612 4788; x_wconf 73' lang='lat' dir='ltr'>lirupycli</span> <span class='ocrx_word' id='word_1_360' title='bbox 646 4706 774 4770; x_wconf 88' lang='lat' dir='ltr'>dicebat</span> <span class='ocrx_word' id='word_1_361' title='bbox 805 4709 986 4786; x_wconf 88' lang='lat' dir='ltr'>potenciam</span> <span class='ocrx_word' id='word_1_362' title='bbox 1016 4724 1126 4771; x_wconf 85' lang='lat' dir='ltr'>contra</span> <span class='ocrx_word' id='word_1_363' title='bbox 1159 4710 1263 4791; x_wconf 90' lang='lat' dir='ltr'>ipsum</span> <span class='ocrx_word' id='word_1_364' title='bbox 1290 4707 1500 4771; x_wconf 87' lang='lat' dir='ltr'>Benedictum</span> 
     </span>
     <span class='ocr_line' id='line_1_42' title="bbox 238 4812 1502 4896; baseline 0.006 -26"><span class='ocrx_word' id='word_1_365' title='bbox 238 4812 426 4889; x_wconf 87' lang='lat' dir='ltr'>institorem,</span> <span class='ocrx_word' id='word_1_366' title='bbox 452 4812 585 4893; x_wconf 87' lang='lat' dir='ltr'>ipsemet</span> <span class='ocrx_word' id='word_1_367' title='bbox 620 4812 812 4875; x_wconf 77' lang='lat' dir='ltr'>benedictus</span> <span class='ocrx_word' id='word_1_368' title='bbox 837 4814 989 4896; x_wconf 79' lang='lat' dir='ltr'>Krupyclr</span> <span class='ocrx_word' id='word_1_369' title='bbox 1022 4815 1172 4877; x_wconf 89' lang='lat' dir='ltr'>remansit</span> <span class='ocrx_word' id='word_1_370' title='bbox 1206 4816 1237 4875; x_wconf 92' lang='lat' dir='ltr'>in</span> <span class='ocrx_word' id='word_1_371' title='bbox 1262 4814 1317 4877; x_wconf 89' lang='lat' dir='ltr'>illa</span> <span class='ocrx_word' id='word_1_372' title='bbox 1341 4814 1502 4888; x_wconf 85' lang='lat' dir='ltr'>potencia.</span> 
     </span>
    </p>
   </div>
   <div class='ocr_carea' id='block_1_3' title="bbox 0 0 1748 5272">
    <p class='ocr_par' dir='ltr' id='par_1_8' title="bbox 0 0 1748 5272">
     <span class='ocr_line' id='line_1_43' title="bbox 0 0 1748 5272; baseline 0 1"><span class='ocrx_word' id='word_1_373' title='bbox 0 0 1748 5272; x_wconf 95' lang='lat' dir='ltr'> </span> 
     </span>
    </p>
   </div>
  </div>
 </body>
</html>
