3488 5272
603 354 692 411 Anno
714 348 808 430 1458.
834 385 875 394 -
901 362 947 428 17.
965 349 1131 427 februarii.

654 563 732 624 Item
759 563 869 623 Petrus
893 562 1072 644 Zydarych.

655 669 732 730 Item
758 668 845 730 Elias
869 681 1088 748 campanator.

653 774 733 836 Item
757 774 907 856 Faithlyn
933 773 1068 836 institor.

657 880 733 941 Item
760 879 891 942 Barthol
916 880 1052 941 Institor.

655 986 731 1047 Item
758 986 941 1047 Anthonius
964 984 1154 1065 lutifigulus.

652 1091 730 1154 Item
757 1092 882 1153 Blasius
906 1090 1095 1173 lutifigulus.

656 1198 733 1260 Item
760 1198 951 1260 DomInicus
974 1212 1073 1260 sutor.

657 1304 734 1366 Item
760 1303 944 1366 Anthonius
968 1302 1169 1386 Oprasnych.

657 1412 734 1472 Item
760 1411 882 1493 Symon
907 1424 1005 1472 sutor.

656 1517 734 1578 Item
760 1516 897 1578 Mathias
922 1516 1098 1599 waarich.

658 1623 735 1685 Item
761 1622 879 1684 Paulus
903 1622 1084 1705 Verychyn.

658 1729 736 1792 Item
762 1729 924 1790 Barnabas
948 1729 1144 1812 Grabarych.

657 1834 735 1896 Item
761 1834 911 1896 Plathuar
937 1835 1127 1917 Stephanus.

659 1943 736 2004 Item
763 1942 918 2003 Prumnat
943 1943 1105 2004 Nicolaus.

659 2049 736 2111 Item
763 2047 877 2110 Gallus
898 2047 994 2110 frater
1018 2049 1184 2111 Johannis.

658 2156 736 2217 Item
762 2155 918 2238 Sthelllyn
944 2155 1094 2218 carnifex.

343 2320 420 2381 Item
456 2317 569 2401 prelati
603 2316 793 2378 ValentInus
833 2314 927 2396 judex
964 2330 995 2378 et
1029 2316 1121 2397 jurati
1154 2338 1190 2379 ac
1221 2319 1395 2380 consiliarii
1428 2337 1500 2380 cum

237 2445 395 2488 consensu
429 2440 458 2486 et
483 2423 676 2485 admissione
710 2435 740 2483 et
774 2422 917 2483 unanimi
942 2442 977 2482 ac
1009 2423 1161 2484 concordi
1192 2425 1357 2486 voluntate
1381 2446 1417 2486 ac
1449 2426 1501 2485 de·

236 2545 323 2594 creto
347 2530 451 2593 tocius
475 2528 716 2591 communitatis
741 2528 849 2588 omnia
875 2528 999 2590 decreta
1022 2544 1052 2592 et
1076 2544 1191 2591 statuta
1215 2545 1280 2592 tam
1305 2532 1336 2593 In
1362 2532 1499 2613 presenti

237 2657 334 2720 quam
360 2638 392 2698 in
417 2636 558 2717 antIquis
582 2634 743 2697 kathernis
767 2648 915 2696 contenta
951 2649 982 2696 et
1013 2636 1127 2718 scripta
1152 2637 1260 2717 quoad
1284 2657 1397 2699 omnes
1428 2638 1501 2699 arti-

238 2744 329 2805 culos
352 2756 383 2804 et
415 2755 532 2823 puncta
561 2754 591 2801 et
615 2740 775 2801 clausulas
799 2741 986 2802 eorumdem
1016 2755 1206 2803 statutorum
1238 2759 1269 2805 et
1301 2744 1501 2806 decretorum

239 2870 295 2932 per
318 2863 422 2911 totum
447 2868 568 2909 annum
594 2848 749 2929 presentis
766 2847 924 2927 judicatus
949 2847 1048 2928 ipsIus
1061 2848 1222 2910 Valentini
1241 2850 1355 2931 judicis
1379 2864 1410 2912 et
1427 2870 1503 2911 con·

238 2970 412 3038 sequenter
435 2976 470 3016 ac
495 2955 646 3036 delnceps
670 2954 736 3035 jure
762 2968 918 3036 perpetuo
947 2968 977 3014 et
1002 2955 1252 3017 irrevocabiliter
1275 2955 1505 3018 confirmarunt

238 3083 364 3145 semper
388 3062 524 3124 valitura
549 3076 580 3122 et
608 3060 740 3123 firmiter
764 3061 974 3122 observanda.

479 3261 576 3334 Ietta
615 3270 713 3334 sexta
742 3272 821 3334 ante
850 3265 1049 3335 dominicam
1079 3263 1262 3335 Invocavit.

743 3417 762 3494 (
761 3431 807 3494 17.
824 3417 1004 3492 februarii).

349 3558 427 3619 Item
455 3557 591 3618 Mathias
615 3555 699 3618 filius
724 3555 856 3636 Georgii
882 3558 921 3618 de
948 3557 1093 3619 Oslen·cz
1111 3558 1201 3639 cujus
1225 3573 1320 3641 caput
1341 3575 1387 3622 est
1411 3561 1506 3622 deco-

242 3664 342 3726 latum
368 3664 496 3725 racione
522 3663 643 3725 Mathie
668 3663 863 3724 balneatoris
895 3663 1018 3725 domIni
1044 3663 1104 3741 sui,
1137 3684 1233 3746 quern
1261 3665 1344 3726 idem
1371 3666 1507 3727 Mathias

243 3771 282 3831 de
308 3770 457 3832 Oslewcz
481 3767 649 3830 interfecit.

349 3877 425 3938 Item
452 3874 529 3936 leria
555 3875 651 3936 tercia
676 3876 821 3957 proxima
843 3873 963 3956 prelata
988 3893 1060 3958 post
1078 3877 1275 3939 dominicam
1302 3878 1409 3956 Oculi,
1427 3894 1505 3939 tem·

243 4002 321 4066 pore
346 3983 490 4044 eiusdem
524 3982 683 4063 judicatus
714 3979 826 4063 prelati
851 3982 1012 4044 Valentini
1046 3984 1162 4063 judicis
1194 3986 1340 4046 mrderni
1367 3987 1396 4046 in
1423 4005 1508 4046 anno

243 4089 427 4170 supradicto
451 4088 605 4170 providus
629 4102 660 4150 et
683 4087 836 4149 honestus
863 4089 911 4148 vir
936 4089 1067 4151 Rawsar
1100 4108 1130 4151 et
1155 4091 1317 4153 Iohannes
1343 4091 1505 4174 Hansyich

243 4193 392 4255 similiter
415 4195 522 4254 senior
547 4193 641 4274 judex
659 4195 821 4276 quandam
848 4215 974 4256 causam
1002 4196 1083 4258 inter
1108 4197 1262 4259 Mathiam
1288 4214 1318 4258 et
1335 4197 1506 4259 Nicolaum

247 4299 464 4381 pancelarium
498 4300 664 4381 usquead
693 4300 871 4361 secundum
901 4299 1055 4381 judicium
1089 4319 1232 4366 nostrum
1267 4304 1349 4365 Inter
1377 4304 1507 4364 eosdem

246 4420 435 4489 receperunt
459 4406 499 4467 ad
518 4426 628 4488 pacem
647 4407 671 4467 si
698 4406 837 4488 poterint
855 4407 936 4468 inter
958 4409 1087 4470 eosdem
1106 4430 1312 4492 componere,
1335 4411 1382 4470 sio
1400 4425 1507 4471 autem

246 4530 312 4574 non
337 4512 488 4593 poterint,
512 4526 588 4574 tunc
613 4532 706 4574 causa
731 4514 826 4574 stabit
851 4513 883 4574 In
909 4515 1025 4576 eodem
1050 4529 1142 4578 statu.

353 4618 430 4680 Item
455 4638 550 4680 causa
576 4620 658 4680 iuter
684 4621 802 4680 Lucam
828 4620 967 4700 juratum
1002 4637 1033 4683 et
1059 4622 1262 4683 Franciscum
1287 4635 1428 4683 sutorem
1455 4641 1510 4704 per

246 4721 366 4804 juratos
389 4739 435 4787 est
458 4739 628 4809 prorogata
660 4726 700 4788 ad
733 4725 873 4808 primum
907 4724 1105 4803 judiciuma
1139 4725 1262 4810 prelato
1287 4728 1340 4791 die
1363 4728 1510 4811 superius

246 4830 445 4915 consignato.

1408 4942 1447 4988 ro
