3488 5272
242 322 303 403 388
632 327 829 405 Ann01471.
855 362 896 370 —
921 343 968 404 15.
993 331 1121 402 augusti.

240 556 322 614 suas,
347 553 422 599 tunc
447 557 462 597 e
489 556 644 599 converso
662 538 748 598 idem
774 538 948 620 DyonisIus
966 539 1094 602 debebit
1111 539 1213 620 jurare
1230 542 1396 619 solusmet,
1414 540 1503 622 quod

240 645 307 725 ipse
332 644 502 726 premissas
527 665 576 705 res
600 645 859 705 mercImoniales
883 665 948 707 non
976 646 1134 707 invidiose
1152 666 1253 727 usque
1278 646 1317 707 ad
1342 646 1400 708 hec
1425 660 1503 707 tem·

240 769 317 833 pora
343 750 435 811 etad
459 764 546 812 tanta
579 750 718 833 dampna
751 751 910 813 retardare
942 766 971 811 et
1004 767 1085 813 stare
1110 750 1195 830 lecit,
1227 752 1287 814 nisi
1314 772 1372 834 pro
1397 752 1504 833 requi-

241 856 338 917 renda
362 877 435 918 vera
460 857 602 938 justIcia3
634 870 665 918 et
696 857 774 917 dum
800 857 867 938 Ipse
902 857 1076 939 Dyonisius
1099 858 1143 919 sic
1176 856 1304 937 jurabit,
1328 870 1405 920 tunc
1437 857 1504 940 ipse

240 963 392 1023 dominus
409 963 570 1024 Johannes
584 982 721 1024 unacum
739 959 862 1045 prelato
872 977 959 1044 patre
976 983 1035 1025 suo
1053 964 1178 1026 solvere
1191 966 1386 1026 tenebuntur
1399 983 1502 1046 quan·

242 1083 308 1129 tum
329 1069 445 1130 minori
469 1070 577 1150 precio
595 1069 712 1130 vendet
728 1069 856 1129 easdem
875 1089 923 1129 res
940 1069 1031 1131 sicuti
1050 1083 1197 1133 constant
1214 1071 1317 1152 ipsum
1331 1084 1427 1151 prout
1447 1069 1503 1131 ubi

240 1188 347 1256 empte
358 1174 526 1236 lueruntet
543 1195 644 1256 usque
662 1174 739 1237 dum
756 1189 880 1256 portate
897 1174 1026 1236 luerunt
1042 1176 1081 1237 ad
1100 1175 1234 1237 domum
1248 1177 1345 1258 lpsIus
1356 1176 1502 1258 Dyonisii

241 1281 428 1364 Sypchych3
453 1281 492 1342 de
521 1301 586 1362 quo
611 1281 732 1363 judicio
764 1295 873 1343 nostro
905 1282 972 1363 ipse
997 1283 1090 1343 ambe
1115 1296 1219 1364 partes
1242 1295 1316 1343 sunt
1340 1294 1503 1345 contente.

239 1518 335 1591 Feria
366 1522 471 1590 tercia
500 1522 652 1608 proxima
682 1526 760 1590 ante
789 1519 913 1589 lostam
932 1517 1187 1607 Assumpclonis
1216 1516 1321 1590 ldarie
1347 1519 1503 1608 virglnls.

755 1673 817 1749 (13.
841 1673 982 1748 auguste).

345 1814 422 1875 Item
448 1813 523 1895 quia
548 1812 693 1875 Thomas
717 1811 805 1874 labet
837 1813 877 1875 de
902 1813 1030 1895 Golyalc
1063 1826 1172 1875 contra
1197 1814 1340 1876 Marcum
1366 1814 1502 1896 Sydow·

239 1919 353 2004 chych‚
368 1921 417 1982 cui
432 1920 527 2002 judex
541 1920 744 1980 commiserat
761 1920 869 1980 venire
886 1919 924 1980 ad
943 1920 1082 2001 prImum
1097 1919 1264 1999 judicium,
1282 1934 1313 1982 et
1322 1939 1386 1982 non
1404 1920 1502 1982 venit.

345 2027 423 2088 Item
455 2026 530 2107 quia
563 2026 718 2087 Martinus
750 2025 879 2108 Banycb
912 2039 1022 2087 contra
1055 2025 1198 2087 relictam
1234 2025 1387 2108 Stephani
1413 2025 1502 2105 longi

239 2133 344 2214 primo
369 2133 482 2194 citatus
507 2152 571 2194 non
598 2132 778 2214 comparuit
802 2133 833 2192 in
858 2131 989 2212 judicIo.

345 2239 423 2302 Item
448 2238 556 2300 relicta
576 2238 660 2298 Petri
683 2237 839 2299 carnificis
856 2253 965 2299 contra
983 2239 1137 2300 Mathiam
1156 2237 1378 2322 Scrobothych
1396 2239 1502 2321 primo

239 2347 332 2408 citata
356 2365 421 2407 non
447 2346 626 2427 comparuit
650 2345 682 2404 in
708 2345 838 2424 judicio.

345 2453 422 2513 Item
449 2453 574 2512 Marcus
598 2451 739 2511 Venetus
764 2465 873 2512 contra
899 2451 978 2512 Pero
1003 2450 1143 2531 juratum
1169 2452 1274 2534 prImo
1298 2452 1413 2515 citatus
1437 2471 1502 2513 non

239 2559 418 2640 comparuit
441 2558 473 2618 in
495 2556 627 2637 judicio

347 2665 422 2726 Item
456 2683 582 2725 causam
616 2663 698 2724 inter
730 2663 922 2746 Mayhenam
955 2677 986 2725 et
1022 2665 1103 2725 Inter
1133 2665 1306 2726 Nicolaum
1340 2664 1501 2727 literatum

240 2770 479 2852 Chehlroyczyn
505 2770 634 2830 racione
659 2770 824 2830 cuiusdam
846 2770 936 2831 litere
961 2790 1017 2850 per
1041 2771 1146 2852 ipsum
1165 2784 1312 2848 arestate,
1336 2770 1430 2852 jurati
1447 2770 1502 2831 ad·

239 2878 430 2959 judicarunt,
455 2877 541 2957 quod
568 2879 634 2958 lpse
662 2877 816 2937 Nicolaus
832 2890 959 2938 tenetur
982 2878 1106 2938 solvere
1125 2878 1250 2939 notario
1275 2892 1305 2939 et
1328 2876 1425 2959 judici
1444 2897 1503 2959 pro

239 2987 392 3066 scriptura
418 2998 449 3044 et
472 2983 648 3062 sigillatura
675 2996 704 3043 et
729 2984 795 3063 ipsa
821 2982 979 3065 Mayhena
1012 2983 1072 3043 sibi
1098 3003 1231 3063 precare
1256 2983 1351 3043 aliam
1377 2982 1501 3044 literam

239 3112 334 3172 super
355 3089 545 3150 vendicione
560 3088 650 3148 fundi
667 3108 763 3169 quem
779 3088 920 3170 Gywrlto
935 3087 1030 3150 frater
1043 3088 1203 3150 Werchek
1217 3090 1364 3152 vendidit
1378 3091 1502 3167 eidem;

243 3201 308 3280 Ipse
334 3197 486 3257 Nicolaus
510 3197 645 3255 eandem
671 3215 798 3256 causam
824 3195 997 3277 appellavit
1022 3196 1060 3256 ad
1086 3197 1228 3258 seniores
1252 3195 1384 3275 judices.

346 3303 423 3363 Item
450 3321 577 3362 causam
596 3302 677 3360 Inter
703 3300 832 3382 Endrey
849 3314 1013 3378 sartorem,
1030 3302 1191 3362 seniorem
1216 3301 1355 3381 juratum
1380 3317 1410 3364 et
1426 3322 1501 3364 con·

240 3411 342 3472 civem
368 3422 522 3484 nostrum,
558 3427 592 3467 ac
618 3407 821 3467 oomlonem
856 3406 957 3467 lilium
984 3408 1137 3489 Peroyclr,
1162 3409 1236 3489 quia
1261 3408 1347 3469 idem
1372 3408 1501 3471 Domlro

240 3519 269 3578 id
297 3516 435 3577 evidenti
461 3529 620 3575 certorum
647 3513 827 3574 concivium
862 3527 1043 3575 nostrornm
1069 3515 1101 3575 in
1133 3514 1254 3596 judicio
1279 3516 1501 3598 comprobavit

239 3644 345 3685 coram
371 3622 474 3697 nobis,
499 3621 586 3700 quod
613 3620 697 3680 idem
725 3620 854 3702 Endrey
886 3634 987 3681 sartor
1011 3620 1111 3681 lassus
1143 3620 1202 3682 fuit
1227 3641 1335 3683 coram
1359 3622 1497 3683 condam

240 3731 392 3793 Conrado
412 3730 541 3788 Ilawsar
558 3727 662 3805 judice
688 3727 893 3788 medietatem
916 3727 1031 3789 domus
1056 3742 1085 3789 et
1103 3727 1193 3789 fundi
1211 3729 1259 3789 sui
1277 3728 1393 3807 taliter,
1410 3728 1498 3810 quod

239 3840 305 3920 Ipse
331 3835 520 3898 Dominicus
544 3849 670 3895 tenetur
694 3835 836 3915 coperire
862 3834 994 3896 totalem
1027 3835 1161 3895 eandem
1188 3835 1333 3913 domum,
1358 3849 1388 3896 et
1412 3836 1500 3916 quod

238 3944 369 4024 quando
394 3944 460 4022 ipse
487 3940 614 4019 Endrey
639 3940 769 4001 haberet
793 3939 976 4002 facultatem
1010 3941 1187 4002 redImendi
1223 3961 1281 4023 pro
1304 3961 1337 4002 se
1361 3942 1412 4003 vel
1436 3942 1502 4002 suis

238 4051 409 4112 heredibus
427 4048 593 4108 abeodem
614 4048 794 4124 pontone,
819 4061 974 4127 quantum
994 4047 1059 4129 ipse
1078 4062 1250 4127 exponeret
1274 4067 1369 4129 super
1386 4048 1499 4109 eadem

238 4156 347 4232 domn,
374 4154 551 4214 redimendi
584 4152 716 4214 haberet
748 4152 949 4229 facultatem;
982 4167 1012 4214 et
1037 4154 1111 4234 quia
1144 4153 1236 4233 jurati
1263 4152 1346 4215 lacto
1371 4153 1402 4214 in
1429 4173 1500 4236 pre·

238 4263 336 4322 misso
360 4261 464 4321 taliter
482 4261 683 4337 invenerunt,
700 4260 775 4340 quia
805 4260 870 4340 ipse
890 4260 1017 4320 Domlro
1036 4279 1100 4320 non
1118 4260 1263 4341 coperuit
1286 4259 1346 4322 sibi
1365 4259 1501 4321 eandem

238 4370 371 4429 domum
398 4368 519 4448 (quam)
547 4366 690 4447 coperire
715 4366 904 4447 promiserat
938 4380 967 4427 et
993 4386 1056 4427 non
1091 4367 1245 4447 coperuit,
1271 4379 1301 4426 et
1324 4385 1390 4427 non
1415 4367 1501 4428 stetit

237 4476 296 4535 sibi
324 4477 355 4535 in
381 4475 539 4556 promisso
564 4493 633 4549 suo,
659 4473 732 4533 ideo
756 4473 821 4554 ipse
856 4473 1056 4533 voluntarius
1080 4486 1126 4535 est
1150 4492 1299 4534 revocare
1324 4493 1415 4535 suam
1439 4473 1500 4535 las·

237 4583 361 4642 sionem
388 4595 418 4642 et
443 4581 492 4641 cui
519 4579 657 4641 voluerit
682 4579 815 4639 domum
839 4598 928 4639 suam
948 4579 1022 4640 dare
1047 4579 1098 4640 vel
1123 4579 1281 4656 vendere;
1305 4579 1345 4642 de
1370 4599 1436 4661 quo
1452 4579 1500 4661 ju·

238 4688 322 4748 dicio
347 4686 523 4768 juratorum
548 4686 614 4768 ipse
639 4684 768 4748 Domlro
793 4705 858 4747 non
887 4700 1057 4748 contentus
1076 4687 1210 4748 eandem
1237 4706 1366 4750 causam
1390 4687 1500 4771 appel·

238 4795 314 4856 lavit
340 4796 370 4855 in
396 4794 594 4876 presenciam
619 4792 783 4854 seniorum
808 4791 962 4874 judicum.
