3488 5272
255 371 319 432 224
658 352 861 433 Ann01462.
887 368 1000 433 -14,
1025 355 1104 416 mari.

254 566 404 627 exteriori
429 580 585 643 sutorum,
611 565 723 626 eadem
743 565 920 647 producere
941 579 1103 627 teneretur
1127 586 1234 628 coram
1260 568 1363 645 nobis,
1389 582 1419 630 et
1443 569 1518 649 quia

255 673 366 733 nullus
396 672 556 754 produxit,
589 671 644 732 sed
678 673 753 752 quia
786 671 947 752 Georgius
971 671 1055 733 filius
1087 672 1167 754 Elye
1192 672 1231 734 de
1257 673 1331 734 villa
1358 674 1518 756 Popowcz

254 777 357 840 fratris
389 778 531 838 annotati
564 778 700 839 condam
726 777 855 838 Tltome
881 778 989 859 Rosyn
1019 792 1184 859 tamquam
1217 780 1365 862 proprior
1397 781 1519 841 amicus

256 886 399 947 eiusdem
418 904 526 946 coram
548 885 642 946 nobis
658 884 848 965 comparuit,
866 885 904 944 ad
924 905 1020 966 quern
1038 883 1196 966 prelatum
1215 885 1309 946 civile
1326 906 1382 948 seu
1400 884 1520 948 fundus

256 991 323 1069 jure
350 992 542 1052 hereditario
567 991 727 1068 successit,
753 990 826 1051 ideo
852 990 958 1052 literas
982 1011 1077 1073 super
1101 991 1216 1052 eodem
1240 993 1344 1054 eidem
1370 994 1520 1054 dabimus

253 1111 461 1179 opportunas.

360 1204 437 1266 ltem
471 1204 652 1266 Demetrius
686 1203 770 1265 filius
805 1205 949 1287 Dyonisii
976 1206 1085 1287 Rybar
1117 1206 1204 1284 dicti,
1236 1207 1378 1267 concivis
1410 1207 1519 1284 nostri,
1559 1207 1562 1211 ’

254 1310 354 1372 lassus
378 1325 425 1373 est
449 1312 569 1391 absque
594 1324 765 1388 tormentO,
798 1311 886 1391 quod
911 1312 977 1392 ipse
1012 1312 1207 1374 vendidisset
1232 1333 1327 1374 unam
1354 1314 1517 1374 camisiam

254 1417 435 1499 drednycza
468 1417 597 1495 dictam,
629 1436 726 1497 quarn
759 1418 913 1478 subtraxit
947 1419 977 1478 in
1014 1418 1113 1479 domo
1138 1416 1250 1499 prelati
1284 1419 1452 1500 patrissui
1486 1420 1516 1480 in

254 1523 395 1604 quodam
421 1523 557 1601 scrineo,
582 1542 679 1604 quam
705 1523 850 1584 vendidit
875 1525 964 1583 uxori
991 1523 1074 1585 lwan
1092 1524 1132 1585 -in
1159 1524 1409 1588 Chernomcrcz.

360 1629 437 1690 ltem
461 1629 535 1691 licet
559 1629 721 1690 Dorotbea
748 1629 864 1690 mulier
886 1644 1007 1707 vocata,
1031 1649 1162 1691 consors
1179 1630 1337 1710 legittima
1356 1631 1515 1692 Francisci

253 1737 380 1814 sutoris,
412 1735 477 1796 filia
510 1736 646 1796 condam
681 1735 924 1817 Herwoyewieb
958 1736 1099 1798 concivis
1132 1737 1249 1814 nostri,
1286 1737 1316 1797 in
1343 1735 1514 1798 manifesto

255 1842 513 1903 conservationis
537 1841 611 1903 furti
637 1842 850 1923 quarumdam
880 1843 1083 1903 camisiarum
1110 1862 1165 1924 per
1191 1843 1389 1905 Demetrium
1416 1842 1516 1904 filium

255 1949 400 2032 Dyonisii
427 1949 535 2031 Rybar
561 1948 649 2025 dicti,
673 1949 815 2009 concivis
847 1949 957 2026 nostri,
992 1946 1165 2010 luratarum
1192 1963 1223 2010 et
1247 1968 1320 2030 erga
1347 1949 1446 2031 ipsam
1472 1969 1518 2010 re·

254 2056 430 2137 positarum
456 2068 580 2135 reperta
607 2052 667 2115 luit
690 2070 721 2115 et
739 2055 878 2131 inventa,
902 2075 965 2136 que
984 2055 1057 2116 lieet
1081 2074 1139 2137 pro
1164 2055 1314 2136 predictis
1338 2056 1404 2116 suis
1421 2056 1518 2116 male·

255 2160 334 2222 ficiis
359 2180 474 2242 penam
499 2173 683 2221 consvetam
710 2160 773 2241 pati
800 2161 972 2239 debuisset,
997 2175 1104 2223 tamen
1130 2161 1203 2242 quia
1229 2180 1288 2243 pro
1313 2161 1424 2222 eadem
1450 2180 1518 2221 mu·

255 2268 332 2329 liere
358 2268 451 2328 nobis
476 2287 533 2349 pro
565 2267 671 2346 gracia
703 2266 808 2327 eidem
840 2286 895 2347 per
928 2286 987 2327 nos
1018 2267 1123 2328 fienda
1148 2287 1203 2348 per
1238 2268 1345 2349 plures
1369 2268 1520 2329 dominos

255 2374 428 2434 canonicos
452 2373 586 2435 ecclesie
611 2373 827 2453 zagrabieosis
851 2387 881 2433 et
906 2373 986 2434 alios
1010 2374 1095 2434 viros
1119 2373 1350 2435 ecclesiasticos
1374 2388 1405 2434 et
1428 2394 1517 2435 secu·

255 2481 347 2558 lares,
372 2481 475 2540 bonos
500 2493 530 2540 et
563 2479 714 2540 honestos
747 2480 842 2556 viros,
867 2494 913 2540 est
946 2480 1060 2540 devote
1085 2494 1116 2541 et
1148 2481 1374 2542 instantissime
1398 2480 1518 2562 suppli·

254 2600 372 2663 catum,
395 2586 468 2646 ideo
487 2606 555 2661 nos,
573 2601 647 2667 puta
666 2586 807 2646 seniores
825 2584 957 2663 judices,
975 2585 1133 2667 iuratique
1150 2606 1186 2647 ac
1207 2587 1381 2648 modernus
1399 2586 1519 2669 (judex)

255 2707 286 2755 et
311 2692 404 2772 jurati
430 2712 465 2752 ac
489 2706 555 2754 tota
581 2692 795 2753 communitas
819 2692 937 2753 civium
968 2692 1104 2753 civitatis
1128 2692 1223 2753 simul
1249 2693 1280 2753 in
1306 2712 1406 2753 unurn
1431 2693 1520 2754 dives

258 2814 287 2859 et
313 2817 433 2880 pauper
469 2799 534 2879 pari
562 2812 592 2859 et
616 2798 760 2858 unanimi
785 2799 950 2858 voluntate
976 2798 1081 2859 eidem
1116 2798 1242 2859 mulieri
1269 2799 1423 2859 moderna
1449 2799 1518 2860 vice

256 2919 287 2966 et
313 2925 370 2986 pro
402 2905 540 2985 presenti
573 2919 716 2985 tempore
750 2923 807 2985 pro
839 2901 969 2984 prelatis
1002 2904 1175 2964 sceleribus
1203 2919 1233 2964 et
1265 2902 1430 2964 maleficiis
1454 2904 1519 2965 suis

258 3010 510 3072 misericordiam
536 3023 566 3070 et
596 3011 735 3090 graciam
769 3009 902 3071 fecimus
935 3011 1117 3090 specialem,
1150 3025 1182 3071 ut
1207 3010 1274 3091 ipsa
1299 3011 1414 3071 mulier
1447 3030 1516 3091 pre-

258 3116 342 3177 dicta
367 3136 422 3177 sua
447 3117 529 3177 mala
564 3117 677 3176 iterum
712 3136 775 3176 nort
809 3130 940 3176 renovet
973 3130 1003 3177 et
1031 3117 1147 3177 similia
1173 3116 1233 3176 biis
1265 3130 1295 3177 et
1319 3117 1379 3177 alia
1413 3130 1516 3178 cetera

257 3224 340 3284 mala
366 3224 405 3283 de
423 3237 529 3283 cetero
554 3243 617 3282 non
637 3223 825 3299 committat,
842 3242 904 3304 que
922 3224 945 3282 si
973 3223 1011 3283 de
1030 3238 1134 3283 cetero
1160 3224 1190 3283 in
1211 3223 1394 3283 huiusmodi
1422 3222 1519 3283 male·

256 3329 335 3390 ficiis
367 3344 488 3410 reperta
515 3328 619 3406 luerit,
644 3348 717 3389 mox
751 3328 836 3408 juxta
861 3329 928 3388 eius
960 3329 1113 3390 demerita
1139 3330 1222 3409 juxta
1249 3343 1397 3390 contenta
1423 3329 1520 3409 privi-

257 3436 330 3516 legii
365 3456 479 3517 penam
506 3455 602 3516 quam
628 3436 786 3496 demeruit
812 3435 1071 3495 irremissibiliter
1096 3450 1319 3515 consequetur.

363 3542 439 3602 ltem
466 3543 538 3602 licet
556 3543 673 3602 Paulus
694 3556 900 3622 campanator
919 3555 1025 3602 nostre
1044 3542 1293 3617 communitatis,
1311 3541 1519 3622 concivisque

258 3663 374 3725 noster,
401 3650 430 3709 in
461 3648 630 3709 manifesto
663 3650 798 3710 scienter
831 3649 1091 3708 conservationis
1124 3647 1274 3708 furticinii
1308 3648 1519 3728 quarumdam

257 3757 460 3817 camisiarum
486 3777 521 3816 ac
547 3757 821 3835 manutergiorum
855 3771 885 3816 et
909 3771 1068 3816 certorum
1102 3756 1297 3831 anullorum,
1323 3775 1413 3835 quas,
1438 3774 1520 3834 quos

258 3878 287 3925 et
313 3884 374 3944 que
411 3865 591 3923 Demetrius
624 3862 708 3924 filius
742 3863 887 3944 Dyonisii
924 3862 1031 3944 llybar
1063 3863 1150 3938 dieti,
1187 3862 1327 3922 concivis
1356 3863 1464 3938 nostri,
1490 3862 1520 3921 in

258 3970 357 4030 domo
382 3969 495 4051 prelati
531 3971 627 4051 patris
652 3971 698 4030 sui
734 3968 902 4046 furaverat,
935 3989 1023 4050 quas,
1058 3989 1140 4050 quos
1164 3985 1192 4029 et
1225 3989 1286 4049 que
1314 3969 1378 4048 ipse
1405 3968 1522 4028 Paulus

259 4077 310 4136 ubi
338 4077 404 4156 ipse
432 4076 613 4136 Demetrius
638 4077 841 4155 reposuisset,
863 4073 1042 4151 refutasset,
1068 4091 1097 4135 et
1122 4075 1198 4135 dum
1226 4074 1309 4133 idem
1339 4074 1520 4134 Demetrius

258 4184 409 4262 premissa
436 4185 474 4242 ab
500 4182 613 4243 eodem
641 4183 803 4262 repetisset
828 4181 903 4242 dare
928 4196 958 4242 et
983 4202 1014 4240 se
1040 4182 1151 4242 eadem
1178 4181 1293 4240 habere
1319 4181 1518 4260 denegasset,

259 4288 436 4368 eademque
462 4289 500 4347 ad
527 4303 666 4348 nostram
693 4288 865 4367 jussionem
900 4288 962 4347 illis
987 4306 1123 4367 quorum
1158 4285 1283 4347 luerunt
1309 4288 1374 4365 ipse
1402 4286 1518 4346 Paulus

258 4409 465 4474 campanutor
483 4394 644 4455 estradare
663 4408 693 4454 et
711 4394 821 4453 eadem
847 4415 880 4454 se
902 4393 1018 4454 habere
1037 4394 1205 4469 retulisset,
1231 4413 1293 4473 que
1312 4393 1520 4473 postmodum

259 4520 331 4578 erga
358 4501 460 4580 ipsum
488 4501 615 4561 inventa
650 4499 792 4575 fuissent,
821 4514 950 4582 propter
982 4520 1044 4580 que
1070 4498 1210 4579 prefatus
1243 4499 1363 4559 Paulus
1395 4517 1521 4578 campa·

259 4621 350 4667 nator
386 4627 500 4688 penam
536 4607 714 4687 gravissimi
749 4607 895 4688 supplicii
931 4607 1045 4667 merito
1081 4606 1144 4687 pati
1179 4606 1352 4680 debuisset,
1385 4621 1414 4665 et
1447 4605 1521 4684 quia

259 4712 396 4793 quedam
423 4713 549 4793 publica
576 4712 691 4773 mulier
716 4712 804 4773 Jellra
831 4727 940 4772 vocata
967 4731 1104 4772 unacum
1130 4713 1240 4773 multis
1264 4712 1335 4771 aliis
1359 4711 1468 4793 probis
1493 4724 1522 4771 et

259 4819 401 4880 honestis
418 4820 606 4881 mulieribus
630 4820 670 4880 ad
688 4833 828 4880 nostram
844 4819 1043 4897 judiciariam
1061 4818 1193 4879 veniens
1210 4817 1406 4899 presenciam
1427 4816 1521 4877 nobis
