3488 5272
246 344 307 406 30⁰
620 330 706 384 Attico
729 322 822 404 1466.
848 360 886 369 -
906 338 941 401 5.
964 326 1138 401 septembris.

1048 434 1051 438 .
1083 432 1512 443 --..-.——-—-—

246 561 339 634 laria
370 576 465 635 sexta
496 568 649 653 proriam
689 578 766 635 niue
804 567 924 637 testum
956 568 1154 638 Natiuitatis
1182 568 1325 654 virginis
1352 568 1512 655 gloriose.

747 730 789 795 (j.
814 720 1001 800 sepientes).

349 858 452 919 Causa
487 860 567 919 inter
600 860 740 920 lilasium
773 860 915 921 villicum
951 861 989 921 de
1019 861 1089 921 vico
1122 860 1255 923 Abbatis
1279 860 1508 941 zagrabiensis,

247 965 431 1047 lenrlnuyn
458 967 590 1044 dictum,
616 983 649 1026 ut
677 983 816 1028 actorem
842 969 882 1028 ab
908 987 982 1045 una,
1007 983 1036 1027 et
1054 967 1135 1027 inter
1154 968 1366 1028 [saurencium
1383 986 1508 1049 sporar,

244 1088 277 1133 ut
303 1074 333 1133 in
360 1094 487 1134 calisam
521 1089 700 1152 attractum,
733 1076 860 1135 racione
893 1074 1025 1156 eiampni
1057 1074 1186 1155 triginta
1219 1073 1289 1135 flor.
1313 1074 1393 1152 auri,
1417 1074 1509 1155 quod

243 1180 309 1260 ipse
337 1180 459 1240 lilasius
482 1181 541 1241 sibi
577 1180 693 1241 lactum
729 1181 926 1261 perhibetur,
957 1196 1128 1262 prorogata
1160 1194 1207 1241 est
1239 1199 1340 1261 usque
1365 1180 1507 1262 primum

242 1286 408 1365 jtttlicium,
433 1302 466 1347 ut
492 1288 558 1368 ipse
583 1290 676 1347 anile
701 1300 805 1367 pmtes
833 1301 928 1347 testes
961 1306 1073 1347 eorum
1099 1286 1277 1368 producere
1301 1285 1509 1349 tenebuntur.

349 1393 425 1453 Item
452 1394 603 1454 Nicolaus
619 1413 717 1473 gener
736 1394 965 1475 l⁴'erenczeycz,
987 1393 1128 1454 concivis
1144 1406 1263 1471 noster,
1287 1392 1506 1473 juramentum

242 1499 302 1559 sibi
329 1498 546 1573 adjudicatum
580 1500 705 1559 racione
739 1499 904 1560 cuiusdam
931 1498 1051 1560 leniet
1083 1498 1273 1580 suspicionis
1296 1512 1406 1560 contra
1431 1498 1508 1561 Cle-

242 1620 382 1665 mentem
409 1606 611 1685 llungarum,
637 1605 827 1666 modernum
855 1606 1004 1683 iteratum,
1029 1605 1164 1687 prestitit
1188 1617 1222 1665 ut
1245 1604 1367 1667 debuit.

349 1713 423 1772 ltem
450 1732 577 1773 causam
606 1713 685 1772 iuter
711 1712 846 1772 l'aulum
879 1710 1088 1789 aurifabrum,
1112 1711 1274 1772 seniorem
1299 1710 1450 1791 juratum,
1473 1724 1507 1773 et

243 1819 430 1878 (Zoiirarlum
466 1820 615 1896 liausar,
646 1820 804 1879 seniorem
838 1818 996 1895 judicem,
1028 1818 1156 1877 racione
1188 1816 1419 1899 appellacionis
1450 1836 1507 1898 per

242 1925 344 2005 ipsum
372 1926 559 1985 conradum
580 1924 742 1985 inlidelem
768 1938 798 1985 et
823 1923 984 1984 l'alsorium
1003 1925 1106 1984 tocius
1131 1923 1370 1984 communitatis
1394 1936 1505 1983 contra

241 2033 344 2113 ipsum
379 2032 512 2092 l‘aulum
547 2030 754 2109 acirilabrum,
786 2032 873 2111 quod
909 2032 975 2111 ipse
1007 2032 1136 2091 liaustu
1167 2028 1333 2091 testificare
1357 2047 1504 2111 compro-

242 2140 337 2217 misit,
363 2140 411 2199 cui
431 2140 523 2199 clatus
549 2138 606 2199 fuit
624 2140 779 2198 terminus
797 2138 972 2217 producere
991 2151 1085 2198 testes
1107 2136 1176 2197 dies
1192 2135 1377 2212 hodiernus,
1394 2147 1504 2196 contro

241 2246 344 2326 ipsum
372 2247 505 2305 l'aulum
533 2266 595 2305 non
623 2246 726 2326 potuit
751 2245 972 2326 comprobare,
994 2263 1071 2323 ergo
1090 2243 1156 2325 ipse
1182 2243 1313 2303 Rawsar
1337 2242 1504 2303 convictus

240 2367 286 2412 est
311 2354 341 2412 in
368 2353 482 2413 eodem
509 2366 539 2413 et
557 2353 586 2411 in
613 2352 708 2412 simili
735 2352 822 2432 quod
841 2365 1076 2433 perpetraverat
1098 2365 1207 2411 contra
1226 2350 1330 2429 ipsum
1349 2350 1504 2427 Paulum3

240 2459 278 2518 cle
315 2480 380 2540 quo
417 2459 536 2531 judicio
571 2461 636 2540 ipse
670 2460 801 2519 llawsar
833 2478 897 2519 non
934 2471 1104 2518 contentus
1139 2458 1179 2517 ad
1216 2457 1358 2517 seniores
1392 2456 1502 2539 appel·

241 2565 317 2625 lavit
343 2566 472 2640 judices.

346 2671 422 2732 item
449 2672 539 2745 jurati
558 2672 822 2739 tulitulicaverunt
839 2692 966 2731 causam
991 2671 1072 2730 iuter
1091 2670 1231 2730 Blasium
1250 2668 1388 2745 judicem
1406 2668 1502 2751 Ztoy·

240 2778 367 2859 mylyclt
393 2792 422 2838 et
449 2779 528 2837 inter
556 2778 745 2837 llirlmelem
773 2776 873 2836 lilium
898 2777 1034 2837 condam
1054 2775 1177 2837 Nicolai
1203 2774 1355 2835 aurifabri
1380 2788 1411 2835 et
1435 2794 1502 2836 ma·

239 2899 316 2944 trem
344 2900 372 2945 et
399 2886 508 2944 lratres
533 2884 675 2944 eiusdem
702 2885 829 2944 racione
856 2884 1002 2943 fossionis
1034 2882 1205 2943 literatorie
1239 2882 1368 2942 racione
1401 2881 1501 2944 debiti

242 2992 351 3051 elecem
379 3008 408 3050 et
433 3007 505 3051 octo
532 2992 598 3053 llor.
625 2991 703 3065 ouri,
740 3012 821 3070 quos
855 2992 919 3071 ipse
945 2989 1081 3050 llicliael
1113 2986 1213 3049 fassus
1237 2988 1296 3049 fuit
1321 3008 1387 3049 esse
1412 2989 1501 3050 debi-

239 3114 338 3157 torem
365 3114 484 3179 pottem
511 3118 603 3157 suum
630 3112 659 3156 et
682 3098 785 3157 eicient
810 3098 973 3156 exsolvere
998 3117 1097 3176 usquc
1124 3094 1238 3155 festum
1264 3096 1346 3156 lteati
1367 3096 1499 3177 Georgii

241 3205 378 3263 iiiortiris
404 3206 548 3285 prtuiiue
574 3204 770 3284 preteritum,
796 3218 824 3263 et
843 3204 934 3263 elatus
959 3218 1003 3263 est
1022 3204 1126 3263 eidem
1146 3202 1300 3261 terminus
1324 3202 1500 3264 solutionis

241 3312 518 3389 qttiutusrleritnus
550 3312 617 3371 dies
650 3312 688 3370 ile
722 3312 814 3369 bernis
849 3312 994 3370 uniiiium
1022 3311 1181 3390 ipsorum;
1217 3307 1256 3369 de
1289 3328 1354 3389 quo
1381 3309 1500 3385 judicio

241 3418 385 3477 'l'luunas
411 3418 493 3477 lilius
512 3419 609 3498 ipsius
627 3418 762 3477 conclaui
780 3417 901 3477 Nicolai
920 3416 1070 3476 atuilubri
1089 3418 1165 3493 (uon
1185 3412 1379 3497 contentus),
1397 3416 1498 3497 ipsam

239 3544 365 3583 cortisani
385 3524 557 3605 appellarit
582 3525 620 3583 acl
647 3525 788 3584 seniores
812 3524 944 3593 iudices.

345 3630 420 3690 ltem
447 3651 572 3690 carcosam
600 3632 680 3690 inter
707 3630 901 3690 llorutheum
928 3644 1107 3691 consortem
1136 3630 1293 3690 leonardi
1320 3649 1444 3711 pugnat
1469 3644 1501 3690 et

239 3737 481 3817 Sigisnuuulum
516 3738 605 3797 Selar
630 3738 756 3797 racione
791 3737 1025 3797 verberocionis
1058 3757 1113 3817 per
1146 3737 1249 3817 ipsum
1274 3756 1369 3815 super
1394 3736 1497 3817 ipsam

238 3860 266 3903 et
293 3844 473 3903 cicatricum
502 3852 592 3917 lacte,
627 3844 716 3915 jetratti
751 3844 1026 3920 tirlitirlicarertutt,
1052 3844 1138 3923 qtttnl
1174 3844 1239 3923 ipsa
1266 3842 1427 3903 Dorothea
1452 3840 1499 3921 ju-

238 3970 304 4009 rare
330 3950 489 4009 tenebitur
513 3950 719 4010 sectuulumet
755 3950 784 4008 iu
818 3970 869 4009 ara
902 3966 1008 4009 sancte
1034 3950 1156 4025 Crucis,
1189 3949 1276 4029 quoti
1304 3950 1370 4029 ipse
1396 3948 1494 4027 Sigis-

238 4056 377 4114 munilus
402 4054 473 4114 lecit
493 4056 574 4135 ipsas
600 4056 759 4114 cicatrices
784 4076 879 4136 supter
905 4057 1004 4136 ipsam
1023 4072 1051 4115 et
1070 4056 1177 4115 nullus
1202 4055 1291 4131 alter,
1318 4054 1393 4115 l'eria
1410 4067 1498 4115 sexta

238 4162 380 4241 prrixiiua
409 4176 476 4241 post
512 4160 625 4221 l'estum
660 4162 840 4221 Natiuitatis
873 4163 1003 4241 virginis
1034 4164 1186 4241 gloriose,
1215 4178 1244 4221 et
1268 4164 1345 4221 cium
1370 4161 1498 4241 jurabit,

237 4286 311 4327 torric
346 4270 411 4347 ipse
445 4268 670 4343 Sigisnuuulus
703 4268 863 4327 tenebitur
894 4269 1018 4328 solvere
1053 4269 1157 4328 eidem
1193 4268 1353 4327 llorotliee
1385 4266 1496 4327 elecem

238 4394 351 4454 pensos
375 4389 402 4433 et
429 4374 651 4433 communitati
678 4390 804 4433 centuni
833 4374 1015 4447 plenarios&

346 4480 419 4539 ltem
448 4480 578 4539 llatlilro
605 4480 692 4539 loli-ur
718 4478 882 4539 t'amttioris
909 4482 1034 4541 llurtini
1069 4482 1229 4562 aucuparis
1255 4484 1359 4563 rationo
1383 4496 1493 4540 contra

238 4586 390 4645 llatliium
417 4606 601 4666 arcuparem
620 4586 778 4645 seniorem
806 4586 942 4659 juratum
965 4602 995 4647 et
1012 4588 1177 4647 concivem
1204 4602 1346 4647 nostrum
1372 4586 1495 4662 citatus,

237 4712 300 4751 tirou
327 4692 506 4771 eoiuparuit
531 4712 637 4751 corani
664 4692 767 4751 uobis.

342 4798 418 4859 ltem
444 4818 571 4859 causam
597 4799 677 4859 iuter
702 4798 865 4859 'l'homain
893 4797 1027 4861 Cheden
1052 4812 1081 4859 et
1113 4798 1194 4859 alios
1224 4797 1391 4861 consocios
1413 4816 1490 4859 suos
