3488 5272
239 344 301 426 326
602 347 687 403 Anno
711 340 801 422 1467.
827 379 868 389 —
892 340 944 405 28.
968 342 1139 406 novembris.

239 574 269 621 et
294 559 480 620 commitere
505 556 660 638 permisit,
684 577 740 638 per
757 557 877 638 juratos
893 557 976 619 dicte
1006 557 1141 620 civitatis
1158 557 1372 638 adjudicatam
1398 572 1433 620 et
1448 578 1512 641 per

239 665 378 726 eundem
404 664 592 725 Thomasko
625 663 763 743 juratum
789 664 827 724 ad
861 683 920 724 nos
943 664 1086 725 seniores
1118 664 1201 725 dicte
1225 664 1361 726 civitatis
1391 665 1509 747 appel·

240 773 337 833 laram
362 770 493 851 judices,
518 788 576 829 uos
609 769 751 829 seniores
782 768 904 849 judices
935 769 1039 830 taliter
1068 769 1251 830 invenimus
1282 782 1312 831 et
1335 768 1507 850 adjudica·

237 879 353 957 vimus,
376 877 463 958 quod
489 876 556 957 ipse
582 875 720 937 Michael
745 875 865 956 juratus
883 875 1058 938 modernus
1082 891 1247 958 tamquam
1264 875 1386 938 habens
1411 891 1506 958 pote·

237 998 350 1046 statem
383 980 604 1044 malefactores
638 981 797 1063 captivare
830 983 862 1043 in
894 982 977 1043 dicta
1010 983 1137 1044 civitate
1173 997 1204 1044 et
1236 1002 1291 1044 eos
1322 983 1507 1045 carceribus

239 1091 431 1172 mancipate,
456 1090 565 1170 sicque
590 1088 734 1167 eosdem,
761 1087 924 1149 Grandam
954 1089 1028 1170 quia
1061 1089 1175 1151 eadem
1200 1088 1330 1151 Granda
1352 1109 1411 1172 pro
1436 1090 1506 1153 suis

238 1197 403 1259 demeritis
427 1211 473 1258 est
496 1196 607 1277 punita
632 1208 662 1256 et
687 1210 772 1256 extra
790 1194 952 1256 civitatem
977 1195 1133 1275 delegata,
1159 1195 1226 1277 ipse
1244 1214 1320 1258 vero
1345 1196 1506 1260 Martinus

239 1304 393 1387 presbiter
415 1317 545 1384 propter
569 1321 624 1362 sua
650 1301 805 1362 demerita
838 1299 898 1363 suit
924 1301 1017 1362 datus
1048 1300 1087 1362 ad
1121 1321 1235 1363 manus
1257 1302 1366 1364 vicarii
1390 1316 1423 1365 et
1446 1323 1505 1386 per

239 1411 377 1472 eundem
402 1410 556 1470 vicarium
582 1409 723 1490 punitus,
749 1408 808 1488 ipsi
833 1422 941 1468 autem
961 1407 1149 1469 Thomasko
1174 1409 1288 1470 sartori
1305 1409 1406 1491 ipsam
1424 1429 1504 1472 con·

239 1530 357 1577 sortem
382 1535 471 1576 suam
491 1529 620 1596 propter
643 1534 719 1574 suos
736 1533 891 1590 excessus,
916 1514 1003 1595 quod
1029 1514 1115 1595 ipsos
1132 1515 1333 1576 conservavit
1350 1515 1381 1575 in
1400 1514 1503 1577 domo

240 1642 308 1698 sua,
333 1621 513 1702 corrigendi
539 1641 576 1681 ex
601 1641 638 1681 eo
664 1620 752 1701 quod
774 1620 839 1701 ipse
866 1634 981 1680 eotuuc
1012 1639 1076 1680 non
1101 1618 1160 1682 suit
1185 1620 1273 1682 domi
1298 1620 1505 1683 attribuimus

241 1728 405 1810 potestatis
423 1726 618 1805 facultatem,
644 1727 810 1808 ipsamque
829 1745 959 1786 uxorem
982 1725 1080 1807 ipsius
1104 1725 1293 1787 Thomasko
1318 1726 1416 1787 libere
1434 1746 1503 1787 ma-

239 1834 337 1895 nendi
362 1834 394 1894 in
419 1834 519 1894 domo
542 1854 598 1893 sua
623 1834 655 1893 in
681 1833 764 1894 dicta
789 1833 917 1893 civitate
942 1845 972 1893 et
995 1830 1171 1892 honorilice
1197 1851 1395 1914 permanere.
1421 1832 1502 1895 ltem

239 1942 454 2023 juramentum
480 1941 566 2021 quod
593 1939 653 2000 luit
684 1939 902 2019 adiudicatum
935 1938 995 2019 ipsi
1020 1936 1168 1999 Michaeli
1202 1953 1232 1999 et
1256 1938 1326 1999 aliis
1350 1939 1503 2020 predictis

240 2067 299 2128 pto
333 2046 520 2127 recepcioue
552 2045 780 2128 peccuniarum
814 2059 844 2106 et
875 2045 1011 2105 aliarum
1043 2063 1149 2105 rerum
1176 2044 1205 2104 in
1233 2044 1331 2105 domo
1356 2044 1501 2105 eiusdem

241 2154 449 2230 Thomaslto,
481 2152 736 2231 adjudicavimus
768 2152 873 2211 eidem
907 2151 997 2212 uxori
1030 2150 1129 2232 ipsius
1163 2150 1352 2211 Thomasko
1385 2151 1503 2230 taliter,

241 2259 329 2341 quod
355 2260 420 2340 ipsa
442 2258 537 2318 debet
554 2259 656 2337 jurare
675 2257 752 2318 seria
770 2258 866 2319 tercia
885 2258 1028 2339 proxima
1046 2272 1118 2338 post
1137 2255 1252 2318 festum
1271 2258 1353 2318 beati
1373 2257 1502 2318 andree

241 2366 377 2447 apostoli
404 2365 547 2446 proxime
583 2379 753 2425 venturum
778 2364 942 2425 terciamet
973 2382 1046 2424 cam
1075 2364 1220 2445 personis
1251 2363 1312 2424 sibi
1343 2363 1504 2424 similibus

242 2472 363 2534 civissis
388 2473 419 2531 in
445 2491 496 2531 ara
522 2486 628 2533 sancte
653 2470 766 2532 Crucis
785 2471 816 2531 in
843 2470 973 2531 ecclesia
993 2470 1091 2530 sancti
1117 2470 1215 2531 Marci
1240 2470 1444 2551 ewangeliste
1470 2470 1502 2531 in

241 2580 324 2640 dicta
350 2579 475 2638 civitate
493 2592 683 2655 constructa,
708 2592 737 2637 et
762 2597 857 2658 super
883 2597 947 2658 quo
966 2577 1031 2658 ipsa
1050 2575 1176 2657 jurabit,
1201 2576 1261 2638 hoc
1279 2577 1345 2658 ipse
1364 2577 1502 2639 Michael

245 2684 374 2767 pellifex
400 2704 471 2745 cum
496 2685 561 2744 suis
583 2683 741 2744 consociis
774 2683 878 2745 eidem
905 2683 1092 2743 Thomaslto
1115 2698 1145 2744 et
1178 2684 1266 2744 uxori
1292 2703 1348 2744 sue
1379 2684 1503 2745 solvere

242 2792 456 2865 tenebuntur3
483 2790 521 2849 de
547 2810 612 2871 quo
633 2790 751 2870 judicio
777 2806 885 2850 nostro
910 2790 1058 2851 videlicet
1075 2790 1237 2850 seniorum
1262 2789 1403 2869 judicum
1435 2791 1505 2872 ipse

243 2898 433 2958 'l'hontasko
459 2917 522 2956 nou
548 2910 726 2973 contentus,
751 2896 886 2956 eartdem
906 2916 1033 2956 causam
1058 2916 1130 2956 cum
1155 2897 1244 2956 totali
1269 2916 1327 2957 suo
1352 2916 1503 2978 processu

246 3006 276 3064 in
303 3004 498 3084 presenciam
526 3002 666 3081 magistri
698 3002 967 3063 tlravvatnicorum
1000 3003 1085 3082 regie
1118 3003 1291 3064 Maiestatis
1319 3003 1503 3084 appellavit,

245 3110 361 3190 quibus
386 3109 528 3189 partibus
546 3109 700 3168 ambabus
721 3127 827 3167 coram
853 3109 967 3168 eodem
987 3109 1137 3188 magistro
1155 3109 1424 3169 thawaruicotum
1441 3124 1503 3170 tct-

244 3216 366 3275 minum
386 3214 570 3295 preliximus
587 3230 735 3276 octavum
754 3215 839 3275 diem
858 3214 925 3274 l'esti
946 3215 1197 3296 lipiphauiarum
1218 3216 1340 3276 domiui
1358 3215 1502 3297 proxime

243 3336 423 3381 venturum.

348 3427 425 3487 ltem
452 3447 509 3486 nos
533 3427 674 3486 seniores
699 3425 819 3503 judices
844 3427 925 3485 dicte
959 3427 1093 3486 civitatis
1118 3447 1244 3487 causam
1272 3429 1353 3489 inter
1378 3431 1501 3492 Antho-

243 3535 332 3594 nium
359 3532 571 3613 'lltcrmsvch,
589 3532 780 3591 modernum
800 3531 948 3609 juratum,
966 3546 996 3591 et
1015 3532 1094 3592 inter
1112 3532 1274 3593 'l‘homam
1291 3550 1431 3596 sutorem
1448 3557 1502 3618 ge·

245 3660 356 3700 nerum
374 3640 552 3700 Clementis
569 3636 737 3718 sreniparis
751 3638 877 3698 racione
895 3639 1126 3718 vituperiorum
1141 3659 1196 3720 per
1218 3640 1321 3720 ipsum
1340 3642 1502 3704 Thomam

243 3767 337 3826 super
363 3746 466 3825 ipsum
485 3745 685 3804 :lrrtlrouium
706 3744 907 3825 'l'hermsvrlr
927 3744 1082 3804 l'actorum
1108 3758 1138 3805 et
1163 3765 1218 3826 per
1237 3745 1354 3822 juratos
1379 3747 1503 3824 adjudi-

245 3866 358 3927 catam,
383 3865 411 3910 ct
437 3853 475 3910 ab
503 3851 577 3931 ipsis
607 3850 715 3924 juratis
746 3851 785 3910 ad
819 3866 958 3911 nostram
993 3851 1140 3911 videlicet
1173 3853 1334 3911 seniorum
1360 3854 1503 3931 iudicum

243 3959 436 4039 appellatam
465 3960 494 4017 in
514 3957 723 4038 presenciam,
747 3958 851 4017 taliter
870 3958 1051 4018 invenimus
1079 3972 1108 4017 et
1125 3958 1390 4036 adjudicavimus,
1415 3962 1502 4040 quod

243 4065 316 4144 quia
344 4065 409 4145 ipsc
435 4064 580 4123 'l'lromas
605 4064 795 4143 vituperavit
821 4065 959 4124 eundem
979 4064 1179 4124 Anthonium
1205 4066 1404 4148 'l'hcrmsych
1422 4083 1502 4128 tarn·

242 4190 338 4249 quarm
365 4170 502 4246 juratum
529 4185 559 4231 ct
583 4190 772 4230 assessorem
792 4172 936 4231 moderni
964 4172 1077 4249 judicis
1106 4173 1215 4249 nostri,
1233 4173 1319 4252 quod
1347 4173 1413 4254 ipse
1438 4179 1502 4234 An-

243 4276 371 4335 thonius
396 4277 617 4356 comprobavit
641 4297 697 4356 per
722 4292 826 4352 testes,
860 4278 932 4337 ideo
962 4298 1019 4337 tros
1051 4278 1192 4338 seniores
1217 4278 1338 4354 judices
1362 4280 1500 4341 eundem

242 4383 271 4442 Τ
276 4382 404 4442 hornam
430 4398 540 4443 contra
566 4384 704 4443 cundem
731 4383 931 4443 Anthonium
965 4384 996 4443 in
1023 4384 1161 4464 ltirsagio
1187 4385 1297 4446 decern
1322 4405 1501 4447 marcarum

241 4490 480 4564 commisimus;
507 4490 560 4549 ubi
587 4505 694 4550 autern
720 4491 785 4571 ipsc
807 4490 952 4550 'l'bomas
977 4491 1113 4567 dicebat,
1139 4491 1225 4571 qnod
1244 4493 1302 4573 ipsi
1328 4491 1419 4570 jurati
1445 4514 1501 4554 no-

242 4594 369 4654 luerunt
393 4595 452 4655 sibi
479 4596 618 4675 recipere
638 4594 739 4655 facere
765 4596 886 4676 palium
908 4616 1001 4656 suum
1030 4596 1102 4656 ideo
1128 4597 1215 4677 quod
1234 4599 1299 4678 ipsc
1325 4619 1389 4659 nou
1415 4599 1503 4661 dedit

242 4700 287 4759 eis
312 4700 450 4781 recipere
484 4702 587 4782 ipsum
623 4702 742 4782 palium
769 4717 799 4762 et
830 4698 888 4763 luit
913 4702 1102 4763 inobediens
1135 4703 1209 4784 ipsis
1241 4702 1360 4783 juratis,
1386 4705 1417 4766 in
1443 4705 1502 4766 boc

242 4806 308 4887 ipse
335 4806 480 4867 Thomas
504 4808 591 4868 solus
615 4807 745 4869 sibimet
771 4806 830 4869 luit
853 4822 883 4868 et
908 4822 953 4869 est
970 4808 1151 4891 culpabilis,
1176 4810 1251 4891 quia
1274 4811 1298 4869 si
1326 4811 1384 4892 ipsi
1408 4811 1502 4893 jurati
