3488 5272
605 326 691 382 Anno
714 335 806 402 1459.
829 356 875 370 —
897 337 948 400 23.
964 323 1124 400 februarii.

706 533 859 596 Clemens
882 548 980 597 sutor.
1039 538 1043 547 '

705 639 843 702 Mathias
867 641 1075 723 Tergowecz.

705 746 868 809 Jobannes
892 747 1043 811 carnifex.

705 853 818 915 Petrus
840 866 939 916 sutor.

700 959 785 1020 lwelt
809 972 908 1023 sutor.

704 1066 871 1127 Emericus
895 1066 1143 1131 Trubcbewicb.

700 1172 819 1233 Paulus
843 1171 993 1235 carnifex.

705 1278 889 1340 Demetrius
912 1293 1010 1344 sutor.

704 1385 815 1445 Petrus
839 1384 976 1446 institor.

703 1490 815 1552 Petrus
839 1503 938 1554 sutor.

703 1595 839 1657 Mathias
863 1596 1122 1679 Nekerscbenylc.

703 1701 821 1763 Paulus
848 1701 989 1784 sellipar.

704 1808 826 1891 Symon
851 1821 950 1872 sutor.

703 1913 871 1995 Philippus
895 1913 1045 1997 frenipar.

703 2019 829 2080 Blasius
852 2017 1004 2102 frenipar.

343 2234 420 2295 Item
446 2231 559 2315 prelati
584 2229 746 2292 Jobannes
769 2229 865 2309 judex
890 2243 921 2291 et
944 2229 1038 2310 jurati
1062 2250 1098 2291 ac
1123 2231 1298 2292 consiliarii
1324 2251 1396 2293 cum
1422 2252 1501 2294 con-

236 2360 331 2402 sensu
356 2354 386 2401 et
411 2338 638 2400 commissione
663 2350 694 2398 et
718 2335 862 2396 unanimi
888 2355 923 2397 ac
948 2337 1100 2398 concordi
1126 2337 1292 2399 voluntate
1316 2353 1346 2399 et
1371 2338 1500 2401 decreto

236 2447 340 2508 tocius
364 2443 604 2506 communitatis
628 2443 886 2504 omniadecreta
911 2457 941 2503 et
957 2457 1073 2504 statuta
1096 2456 1161 2505 tam
1189 2444 1219 2505 in
1244 2445 1383 2525 presenti
1401 2464 1499 2526 quam

237 2553 268 2612 in
295 2551 435 2631 antiquis
460 2549 621 2610 katbernis
655 2548 770 2609 nostris
794 2561 942 2609 contenta
969 2563 999 2609 et
1027 2550 1141 2631 scripta
1167 2550 1274 2630 quoad
1306 2570 1419 2611 omncs
1451 2570 1499 2612 ar·

236 2657 353 2719 ticulos
378 2671 408 2717 et
432 2669 548 2736 puncta
574 2674 609 2715 ac
635 2653 794 2715 clausulas
819 2655 1007 2715 eorumdem
1025 2669 1216 2717 statutorum
1241 2670 1272 2717 et
1296 2656 1497 2718 decretorum

236 2783 292 2844 per
309 2777 412 2824 totum
431 2780 552 2821 annum
569 2760 725 2841 presentis
742 2758 899 2837 judicatus
917 2760 1015 2841 ipsius
1032 2760 1186 2821 lobannis
1203 2762 1317 2840 judicis
1335 2776 1365 2823 et
1386 2781 1498 2823 conse·

238 2882 373 2950 quenter
397 2887 432 2927 ac
457 2867 608 2946 deinceps
640 2864 706 2944 jure
739 2879 895 2946 perpetuo
924 2880 954 2926 et
987 2866 1239 2928 irrevocabiliter
1270 2865 1500 2930 confirmarunt

236 2995 362 3057 semper
387 2974 521 3033 valitura
547 2985 577 3032 et
600 2970 732 3031 firmiter
756 2972 965 3034 observanda.

343 3097 419 3158 Item
453 3096 568 3157 codem
601 3095 652 3155 die
685 3093 777 3171 jurati
812 3094 1077 3170 adjudicaverunt
1111 3116 1238 3157 causam
1264 3097 1345 3158 inter
1378 3097 1499 3159 Cristo·

237 3203 342 3263 forum
369 3222 492 3284 pugnat
525 3215 555 3261 et
581 3198 814 3279 Margarctbam
848 3201 1016 3260 mulierem
1048 3202 1176 3262 racione
1210 3203 1376 3263 cuiusdam
1402 3204 1499 3264 baltei

239 3311 270 3370 in
297 3311 395 3369 domo
422 3308 520 3388 ipsius
545 3305 714 3367 Cristolori
740 3306 902 3383 subtracti,
936 3306 989 3365 tali
1020 3307 1129 3384 m0d0‚
1155 3309 1242 3387 quod
1269 3308 1390 3388 prelata
1416 3310 1498 3369 Mar·

236 3415 366 3496 garetba
385 3414 500 3475 mulier
524 3412 601 3472 feria
619 3426 703 3472 sexta
730 3410 868 3470 secunda
893 3425 963 3490 post
982 3410 1095 3472 festum
1116 3413 1211 3473 Pasce
1238 3415 1367 3474 Domini
1387 3416 1498 3476 tercia·

237 3535 302 3582 met
326 3520 540 3599 juramentum
568 3518 598 3577 in
624 3537 662 3576 co
687 3516 804 3575 babere
830 3514 969 3592 debebit,
995 3517 1082 3596 quod
1109 3518 1174 3598 ipsa
1202 3520 1400 3599 Margaretba
1427 3541 1497 3601 pre·

237 3628 336 3689 latum
361 3626 504 3687 balteum
530 3644 593 3683 non
619 3621 783 3682 subtraxit.

342 3732 419 3792 ltem
453 3729 545 3808 jurati
579 3726 843 3807 adjudicaverunt
875 3745 1002 3785 causam
1037 3725 1117 3786 inter
1152 3729 1325 3790 Martiarum
1361 3732 1497 3807 judicatu

236 3839 395 3899 seniorem
411 3850 441 3898 et
461 3835 651 3896 blicbaelem
671 3851 842 3913 preconem
861 3845 1003 3890 nostrum
1026 3850 1231 3892 communem
1250 3837 1376 3898 racione
1395 3839 1498 3898 cuius-

238 3947 312 4006 dam
336 3945 434 4025 gladii
462 3964 515 4023 per
542 3942 645 4021 ipsum
672 3938 845 3998 Martinum
880 3936 1017 4013 judicem
1045 3936 1104 3995 sibi
1130 3941 1281 4015 concessi,
1307 3942 1361 4001 tali
1389 3944 1498 4019 modo,

238 4052 326 4133 quod
342 4051 482 4133 prelatus
497 4047 632 4109 blicbael
647 4064 742 4125 preco
757 4044 861 4124 ipsum
874 4042 1018 4121 gladium
1034 4055 1087 4101 aut
1103 4044 1243 4104 restituat
1258 4061 1312 4107 aut
1329 4050 1498 4128 persolvat.

343 4158 419 4218 ltcm
454 4155 561 4215 relicta
595 4151 687 4232 Gyan
721 4163 830 4209 contra
864 4148 967 4207 liliam
997 4161 1137 4207 sutorem
1170 4150 1273 4229 primo
1306 4154 1399 4215 citata
1433 4177 1496 4216 non

238 4264 426 4346 comparuit.

345 4369 423 4430 ltem
449 4366 599 4446 magister
624 4362 786 4422 Fabianus
805 4358 978 4419 canonicus
1003 4357 1134 4417 ecclesie
1165 4361 1377 4438 zagrabiensis
1402 4364 1498 4425 bodie

239 4478 323 4538 clare
348 4471 570 4554 comprobavit
602 4486 710 4531 coram
735 4464 839 4540 nobis,
872 4462 1039 4542 quomodo
1065 4461 1131 4542 ipse
1156 4477 1201 4523 est
1234 4485 1326 4525 verus
1351 4483 1380 4527 et
1405 4470 1498 4550 legit-

239 4585 336 4646 timus
368 4594 518 4643 executor
541 4591 572 4639 et
603 4571 840 4637 commissarius
872 4567 1008 4629 condam
1042 4566 1180 4627 ladislai
1214 4569 1341 4647 literati,
1370 4589 1399 4634 et
1424 4577 1497 4637 ideo

241 4691 340 4752 modo
365 4687 504 4751 eundem
529 4680 789 4746 confirmavimus
807 4678 837 4738 in
856 4675 1048 4737 execucione
1067 4676 1246 4735 testamenti
1271 4676 1384 4757 prelati
1404 4682 1496 4743 Ladi-

241 4796 299 4859 slai
322 4794 438 4860 literati
462 4793 552 4878 olym
578 4785 719 4853 concivis
743 4782 853 4849 nostri.
