3464 5266
611 318 697 377 Anno
719 329 810 396 1457.
835 352 876 361 -
900 329 948 393 25.
974 317 1142 377 nouambn's.
1448 336 1482 397 13
1489 336 1504 396 5

242 532 310 613 jure
333 545 492 614 perpetuo
516 529 747 610 possidendum
774 544 804 590 et
835 528 1145 609 quomodocumque
1170 529 1308 590 voluerit
1332 528 1504 609 disponen-

242 640 318 702 dum
344 639 429 719 juxta
455 636 683 700 condicionem
708 636 844 697 civitatis
867 648 1043 717 prenotate.

347 745 425 806 Item
450 744 525 826 quia
543 743 688 804 Thomas
713 740 796 803 lilius
821 741 957 802 condam
976 741 1141 802 Benedicti
1168 741 1243 801 dicti
1262 740 1506 822 Koprynschalr,

241 853 273 913 id
298 851 392 913 nobis
408 851 466 911 sub
491 849 672 932 juramento
690 848 721 908 in
748 867 800 908 ara
825 860 930 908 sancte
950 847 1062 909 Crucis
1087 848 1117 908 in
1144 847 1277 908 ecclesia
1302 847 1385 909 beati
1405 848 1502 907 Marci

240 958 446 1041 ewangeliste
471 957 502 1018 in
529 955 655 1018 civitate
679 954 821 1035 predicta
846 952 990 1033 lundata,
1015 954 1132 1031 habita,
1157 974 1213 1035 per
1238 954 1342 1036 ipsum
1368 973 1424 1035 per
1449 954 1503 1014 ad·

242 1065 477 1141 iudicacionem
502 1061 678 1143 juratorum
697 1061 829 1142 prestito
854 1073 884 1122 et
905 1060 1063 1142 deposito,
1081 1061 1320 1122 conscienciose
1345 1060 1452 1121 retulit
1469 1080 1505 1120 ex

245 1189 261 1230 a
285 1185 382 1248 certo,
405 1170 493 1250 quod
511 1166 651 1249 prefatus
677 1167 839 1229 Seboldus
855 1167 980 1229 literam
999 1167 1135 1228 civitatis
1159 1167 1394 1248 privilegialem
1411 1186 1506 1249 super

245 1274 342 1338 fundo
368 1276 467 1358 ipsius
491 1273 620 1335 Thome
646 1274 677 1334 in
695 1272 840 1354 predicto
857 1273 1012 1335 suburbio
1041 1273 1176 1334 civitatis
1201 1293 1299 1354 penes
1324 1274 1427 1354 ipsum
1448 1272 1504 1333 flu·

244 1380 329 1443 vium
355 1381 506 1444 metalem
523 1381 556 1441 in
573 1380 734 1441 vicinitate
752 1377 844 1440 fundi
861 1379 995 1462 predicti
1014 1379 1124 1440 Jacobi
1139 1379 1256 1440 literati
1281 1379 1389 1458 situm,
1406 1398 1504 1439 unam

244 1502 387 1569 quartam
413 1487 497 1549 curie
523 1486 562 1547 ad
589 1505 680 1546 usum
701 1485 836 1546 civitatis
853 1485 994 1566 predicte
1019 1484 1100 1546 inse
1126 1485 1321 1562 continente,
1338 1504 1397 1566 pro
1415 1499 1504 1565 parte

244 1593 342 1676 ipsius
363 1593 504 1656 condam
521 1592 687 1653 Benedicti
714 1592 846 1674 Kopryn
872 1591 969 1672 patris
987 1592 1086 1672 ipsius
1110 1591 1249 1668 Thome,
1275 1610 1370 1671 super
1388 1591 1503 1652 eodem

241 1697 343 1760 fundo
378 1695 568 1777 confectam,
600 1696 822 1779 potencialiter
854 1698 974 1779 recepit
1007 1698 1046 1757 ab
1079 1697 1193 1757 eodem
1220 1696 1348 1758 Thomu
1385 1710 1415 1757 et
1446 1717 1503 1778 pro

244 1806 360 1867 eodem
391 1805 491 1867 fundo
522 1805 757 1886 quinquaginta
790 1804 939 1865 denarios
979 1804 1083 1866 eidem
1120 1804 1248 1865 Thome
1282 1804 1383 1865 invito
1416 1804 1504 1865 dedit

243 1926 353 1975 contra
378 1913 459 1975 velle
476 1932 589 1988 suum;
614 1911 753 1992 ideoque
771 1930 830 1972 nos
854 1912 993 1973 eundem
1012 1911 1148 1972 fundum
1166 1911 1262 1972 unius
1287 1925 1399 1992 quarte
1418 1911 1503 1972 curie

242 2038 315 2081 curn
339 2019 406 2080 suis
429 2019 619 2081 utilitatibus
643 2031 673 2078 et
697 2017 904 2099 pertinenciis
937 2018 1093 2079 universis
1125 2018 1313 2078 auctoritate
1338 2017 1501 2077 literarum

246 2125 403 2206 regalium
435 2126 538 2187 eidem
570 2125 699 2186 Thome
730 2122 797 2185 filio
829 2123 928 2205 ipsius
960 2124 1123 2185 Benedicti
1159 2124 1304 2205 Kopryn,
1334 2137 1499 2204 tamquam

242 2232 338 2292 unico
363 2230 472 2292 heredi
488 2231 631 2292 eiusdem
651 2230 814 2293 Benedicti
839 2231 914 2291 vivo
932 2245 1003 2312 post
1027 2232 1131 2312 ipsum
1149 2230 1336 2307 remanenti,
1361 2228 1429 2309 jure
1447 2230 1501 2290 he·

244 2336 397 2399 reditario
421 2337 481 2397 sibi
504 2337 702 2399 incumbenti
719 2335 973 2418 adjudicavimus
990 2353 1020 2397 et
1038 2337 1206 2399 statuimus
1231 2350 1384 2417 perpetuo
1403 2337 1502 2418 possi·

240 2442 384 2504 dendum
402 2457 432 2513 et
445 2443 751 2524 quomodocumque
765 2443 903 2504 voluerit
927 2443 1163 2524 disponendum
1178 2442 1263 2522 juxta
1277 2442 1500 2502 condicionem

240 2549 378 2611 civitatis
401 2563 564 2630 prenotate
590 2551 629 2610 ab
654 2550 787 2630 antiquo
812 2551 1033 2631 approbatam.

347 2654 426 2717 ltem
451 2654 527 2735 quia
550 2655 674 2716 Blasius
699 2653 797 2732 faber,
831 2656 971 2716 concivis
1002 2668 1119 2732 noster,
1145 2653 1176 2715 id
1210 2655 1303 2715 nobis
1326 2655 1387 2714 sub
1420 2654 1501 2734 jura-

239 2776 348 2823 mento
374 2762 407 2822 in
432 2781 485 2823 ara
509 2776 615 2824 sancte
641 2762 753 2824 Crucis
778 2763 808 2822 in
835 2763 967 2823 ecclesia
1001 2762 1084 2823 beati
1113 2762 1209 2822 Marci
1235 2761 1442 2841 ewangeliste
1468 2761 1499 2821 in

239 2869 323 2930 dicta
349 2869 474 2930 civitate
493 2867 635 2947 lundata,
660 2868 778 2944 habita,
804 2869 1041 2929 conscienciose
1061 2867 1169 2928 retulit
1194 2887 1231 2929 ex
1256 2887 1272 2927 a
1298 2880 1395 2943 certo,
1413 2868 1501 2947 quod

238 2976 305 3058 ipse
329 2974 456 3036 literam
482 2974 617 3035 civitatis
648 2975 883 3056 privilegialem
914 2994 1010 3055 super
1044 2973 1145 3035 tundo
1177 2993 1235 3034 suo
1260 2973 1345 3033 civili
1372 2973 1402 3032 in
1428 2976 1500 3034 sub·

239 3081 332 3141 urbio
357 3080 495 3142 civitatis
519 3080 661 3162 predicte
678 3101 776 3162 penes
799 3080 933 3142 fluvium
953 3080 1103 3141 metalem
1130 3081 1162 3140 in
1180 3080 1341 3140 vicinitate
1367 3080 1501 3160 predicti

240 3184 330 3247 fundi
357 3185 470 3267 prelati
489 3187 666 3249 Clementis
683 3186 775 3264 labri,
798 3187 901 3265 jurati,
926 3187 1046 3263 habito,
1065 3205 1161 3246 unam
1187 3185 1337 3246 videlicet
1354 3200 1499 3266 quartam

239 3306 271 3355 et
297 3307 443 3355 octavam
478 3294 564 3355 curie
597 3295 627 3354 in
654 3315 686 3354 se
718 3294 757 3355 ad
783 3314 876 3355 usum
910 3293 1045 3355 civitatis
1077 3293 1218 3374 predicte
1252 3293 1418 3370 retinente,
1443 3313 1500 3372 pro

239 3413 327 3482 parte
352 3401 400 3461 sui
419 3399 609 3478 confectam,
634 3421 651 3460 a
677 3402 785 3462 Marco
804 3401 906 3461 ludeo
934 3420 992 3481 pro
1014 3419 1078 3460 uno
1097 3399 1165 3460 flor.
1189 3400 1256 3459 auri
1282 3414 1312 3458 et
1336 3419 1394 3480 pro
1413 3399 1499 3459 Lxx

237 3505 378 3568 denariis
402 3507 643 3567 viennensibus
667 3526 724 3588 pro
749 3527 842 3567 usura
889 3506 1099 3588 redemptam,
1132 3520 1220 3565 metu
1246 3505 1444 3566 detencionis
1468 3520 1498 3566 et

236 3613 513 3690 incarcerationis,
538 3632 601 3693 qua
637 3613 703 3694 ipse
728 3612 889 3674 Seboldus
913 3613 973 3672 sibi
1007 3613 1199 3689 minabatur,
1225 3611 1330 3672 eidem
1357 3611 1498 3672 Seboldo

236 3720 359 3800 absque
383 3718 473 3780 omni
498 3719 679 3799 pecuniaria
705 3718 871 3779 solucione
897 3718 971 3779 dare
1005 3718 1115 3779 debuit
1140 3737 1212 3777 cum
1238 3717 1353 3777 eodem
1379 3716 1498 3791 fundo;

233 3825 376 3907 ideoque
402 3844 461 3885 nos
486 3826 674 3885 auctoritate
693 3825 856 3885 literarum
882 3824 1037 3904 regalium
1056 3825 1149 3885 nobis
1174 3824 1205 3884 in
1224 3823 1281 3884 hac
1307 3837 1394 3904 parte
1413 3825 1498 3884 attri-

235 3933 313 3992 buta
338 3930 511 4008 mediante,
537 3930 675 3991 eundem
700 3930 835 3991 sundum
862 3931 956 3991 unius
988 3944 1098 4011 quarte
1124 3945 1153 3990 et
1178 3943 1290 3990 octave
1313 3929 1399 3989 curie
1424 3949 1496 3989 cum

233 4037 300 4097 suis
324 4036 518 4097 utilitatibus
543 4051 573 4097 et
589 4037 796 4117 pertinenciis
822 4038 976 4097 universis
994 4036 1097 4096 eidem
1124 4036 1231 4097 Blasio
1249 4033 1351 4112 labro,
1376 4055 1414 4095 eo
1431 4035 1498 4115 jure

233 4143 415 4224 empcionis
439 4143 499 4203 sibi
526 4143 734 4220 incumbenti,
760 4163 824 4224 quo
843 4144 947 4224 ipsum
972 4143 1059 4224 prius
1083 4142 1182 4203 libere
1209 4141 1350 4223 possedit
1374 4141 1498 4215 adjudi-

232 4249 379 4310 cavimus
404 4262 434 4308 et
458 4249 627 4310 statuimus
651 4249 718 4328 jure
751 4264 906 4330 perpetuo
931 4263 962 4308 et
994 4249 1244 4308 irrevocabiliter
1267 4248 1496 4329 possidendum

232 4370 263 4418 et
290 4356 602 4437 quomodocumque
626 4356 764 4417 voluerit
789 4355 1026 4437 disponendum
1061 4355 1146 4433 juxta
1172 4355 1395 4416 condicionem
1421 4355 1497 4415 eivi-

231 4463 306 4524 tatis
332 4476 511 4545 prenotate.

343 4569 420 4631 Item
446 4569 521 4650 quia
545 4569 735 4630 Valentinus
753 4568 852 4647 faber,
869 4569 1011 4630 concivis
1028 4582 1147 4645 noster,
1173 4569 1205 4629 id
1230 4588 1301 4629 cum
1327 4566 1497 4629 sufficienti

232 4690 263 4739 et
289 4675 455 4757 fidedigno
480 4675 620 4757 plurium
647 4676 828 4736 concivium
867 4690 1048 4736 nostrorum
1082 4676 1267 4737 testimonio
1292 4674 1388 4735 hodie
1414 4675 1496 4735 clare

231 4783 456 4865 comprobavit
474 4802 583 4844 coram
599 4783 702 4861 nobis,
721 4797 754 4843 ut
779 4782 857 4843 dum
875 4783 941 4864 ipse
958 4782 1084 4844 literam
1102 4782 1238 4843 civitatis
1261 4782 1495 4865 privilegialem
