3488 5272
237 365 302 428 354
652 352 739 408 Anno
762 348 856 431 1469.
881 385 922 394 -
946 366 975 412 2.
992 352 1085 428 junii.

1140 459 1182 465 --
1212 458 1300 464 —-—-
1323 458 1385 463 --
1403 455 1499 463 --——

236 560 311 641 quia
338 561 404 643 ipse
431 563 557 624 Marcus
580 563 639 624 sub
657 564 849 625 atestacione
876 565 975 645 ipsius
993 564 1120 626 Martini
1137 562 1252 643 judicis
1276 562 1395 645 recepit
1413 561 1503 644 ipsos

237 668 338 749 palos,
364 669 529 731 convictus
554 684 600 730 est
624 684 733 731 contra
759 670 898 750 judicem
923 686 954 731 et
978 670 1097 750 juratos
1115 670 1145 730 in
1171 670 1330 752 potencia,
1354 681 1386 730 et
1403 668 1504 729 modo

236 774 333 836 simili
359 776 426 858 ipse
452 777 608 838 Martinus
632 775 726 855 judex
760 777 835 857 quia
860 778 1079 838 remanencias
1112 777 1255 858 ipsorum
1280 775 1428 858 palorum
1454 794 1503 836 re·

237 881 331 962 cepit,
356 881 455 943 modo
479 882 576 943 simili
601 882 766 943 convictus
790 897 836 943 est
860 883 891 943 in
924 883 1072 965 potencia
1097 896 1206 943 contra
1232 881 1371 962 judicem
1397 893 1428 941 et
1453 879 1502 960 ju·

237 1001 339 1062 ratos3
365 988 405 1048 de
430 1008 495 1069 quo
520 988 640 1068 judicio
657 988 835 1067 juratorum
860 990 925 1070 ipse
951 989 1107 1050 Martinus
1123 987 1218 1067 judex
1237 1006 1301 1048 non
1321 999 1503 1062 contentus,

238 1094 374 1155 eandem
401 1115 529 1156 causam
554 1094 728 1176 appellavit
751 1094 791 1156 ad
816 1096 958 1156 seniores
982 1095 1113 1174 judices.

347 1200 424 1261 item
451 1201 580 1282 insuper
605 1200 696 1280 jurati
726 1199 951 1280 adjudicarunt
975 1199 1108 1261 infacto
1138 1199 1296 1281 palorum,
1319 1218 1401 1279 quos
1433 1197 1501 1279 ipse

239 1307 364 1367 Marcus
379 1307 458 1369 dixit
475 1328 507 1369 se
523 1306 562 1369 de
579 1307 650 1368 aliis
666 1307 753 1367 silvis
770 1322 910 1389 portasse
927 1306 967 1367 ad
986 1307 1068 1388 ipsas
1081 1307 1186 1383 silvas,
1204 1319 1329 1387 emptos
1343 1323 1398 1385 per
1416 1303 1499 1365 Mar·

237 1413 341 1474 tinum
360 1412 510 1493 judicem,
525 1412 612 1494 quod
627 1412 689 1492 jam
704 1425 775 1495 post
785 1413 939 1491 judicium
950 1433 1006 1494 per
1023 1412 1141 1491 juratos
1154 1410 1271 1474 factum
1287 1410 1325 1471 ad
1340 1423 1498 1492 quantum

239 1532 270 1580 et
293 1531 373 1600 quot
398 1519 489 1601 palos
506 1519 608 1598 jurare
626 1519 741 1600 poterit
759 1538 841 1600 quos
857 1518 1046 1600 apportavit,
1066 1517 1144 1579 feria
1157 1532 1244 1579 sexta
1262 1517 1405 1599 proxime
1422 1534 1499 1576 ven·

238 1624 1501 1706 turadeponeretenebitur,quosutdieebaturanteprohibicionemreceperat.

309 1795 455 1865 Sabbato
485 1797 636 1882 proximo
663 1803 739 1882 post
767 1793 890 1864 festum
924 1792 1130 1865 inventionis
1159 1802 1275 1865 sancte
1304 1790 1430 1863 Crucis.

788 1926 831 2003 (ό.
855 1930 949 2003 mair).

347 2052 423 2114 Item
448 2071 575 2114 causam
601 2052 682 2112 inter
707 2052 881 2112 Martinum
906 2050 1045 2131 judicem
1070 2065 1101 2113 et
1124 2052 1205 2112 inter
1230 2052 1374 2112 Marcum
1398 2049 1502 2111 carni·

240 2158 331 2220 ficem
358 2158 584 2241 Gywrakoych
607 2158 734 2218 racione
753 2157 949 2238 receptionis
974 2158 1188 2237 quorumdam
1208 2158 1354 2238 palorum
1375 2158 1405 2218 in
1423 2157 1504 2218 silva

240 2266 339 2348 ipsius
364 2265 493 2326 Martini
527 2264 641 2344 judicis
672 2278 864 2341 secutorum,
897 2282 993 2343 quam
1027 2265 1224 2346 comparavit
1255 2265 1322 2346 ipse
1347 2263 1504 2325 Martinus

239 2372 334 2452 judex
366 2392 383 2431 a
416 2370 522 2450 judice
546 2384 577 2431 et
608 2369 718 2449 juratis
742 2371 816 2430 anni
850 2370 1003 2451 preteriti,
1035 2390 1091 2451 per
1123 2371 1242 2449 juratos
1274 2370 1503 2448 adjudicatam,

241 2499 298 2539 nos
322 2479 465 2539 seniores
489 2476 611 2557 judices
635 2477 738 2537 taliter
771 2476 1037 2554 adjudicavimus,
1062 2477 1150 2556 quod
1176 2477 1228 2536 ubi
1255 2477 1321 2557 ipse
1348 2476 1506 2537 Martinus

239 2584 334 2666 judex
366 2582 425 2645 suit
453 2583 618 2644 convictus
642 2583 674 2642 in
708 2583 865 2662 potencia,
891 2601 955 2642 non
981 2582 1092 2642 debuit
1116 2583 1263 2643 convinci
1290 2584 1320 2642 in
1347 2583 1414 2664 ipsa
1448 2602 1505 2664 po-

239 2690 342 2752 tencia
360 2709 397 2749 ex
421 2709 470 2767 eo,
495 2688 569 2769 quia
589 2688 655 2769 ipsa
686 2687 765 2748 silva
790 2685 849 2748 fuit
872 2707 939 2764 sua,
965 2689 1117 2768 adquam
1143 2687 1239 2749 habet
1264 2688 1343 2768 jura,
1367 2689 1504 2769 sedipse

241 2796 367 2856 Marcus
390 2809 437 2854 est
453 2794 619 2855 convictus
644 2793 675 2853 in
693 2793 839 2872 potencia
858 2807 967 2853 contra
994 2794 1097 2874 ipsum
1117 2795 1289 2854 Martinam
1316 2809 1347 2855 et
1363 2792 1502 2872 judicem

240 2921 276 2961 ac
292 2900 412 2980 juratos
429 2899 543 2975 taliter,
568 2899 656 2979 quod
671 2899 736 2979 ipse
761 2900 886 2959 Marcus
909 2912 1033 2959 tenetur
1058 2899 1180 2959 solvere
1199 2900 1284 2980 ipsos
1308 2899 1398 2981 palos
1423 2918 1506 2978 quos

239 3007 357 3068 secavit
382 3007 413 3066 in
438 3007 504 3086 ipsa
522 3005 600 3065 silva
627 3005 684 3084 ipsi
711 3004 848 3064 Martino
873 3004 982 3083 judici,
1007 3018 1036 3064 et
1055 3005 1182 3084 insuper
1207 3004 1309 3081 jurare
1327 3005 1504 3065 secundum

239 3112 515 3194 adjudicationem
549 3110 724 3189 juratorum
756 3129 851 3190 super
875 3109 954 3189 palis
988 3128 1070 3188 quos
1102 3111 1140 3168 ab
1166 3110 1236 3169 aliis
1259 3110 1347 3170 silvis
1372 3110 1506 3170 adduxit

241 3233 270 3280 et
298 3218 479 3300 apportavit
503 3216 542 3276 ad
568 3217 666 3296 ipsam
693 3215 817 3274 silvam.

347 3323 423 3384 item
450 3341 577 3382 causam
603 3321 684 3381 inter
710 3320 823 3401 Elyam
850 3317 988 3378 fusorem
1019 3339 1245 3398 campanarum
1273 3336 1302 3380 et
1328 3323 1407 3382 inter
1434 3324 1501 3383 Ma-

240 3431 338 3492 thiam
373 3427 597 3508 Trombethj'n
631 3426 757 3485 racione
791 3423 955 3484 cuiusdam
989 3424 1038 3482 vie
1071 3427 1182 3485 subtus
1219 3428 1327 3486 vineas
1359 3428 1503 3488 eiusdem

242 3536 371 3611 Mathie,
397 3554 455 3594 nos
479 3533 619 3592 seniores
645 3530 765 3608 judices
792 3529 983 3603 invenimus,
1017 3530 1091 3608 quia
1118 3531 1147 3588 in
1176 3531 1273 3592 literis
1299 3534 1397 3613 ipsius
1423 3535 1504 3615 Elye

241 3641 419 3723 reperimus
443 3638 530 3719 quod
558 3638 623 3717 ipse
649 3636 744 3716 Elyas
762 3634 856 3694 habet
883 3634 965 3692 vium
991 3636 1101 3693 subtus
1127 3636 1235 3695 vincas
1260 3639 1358 3718 ipsius
1377 3639 1506 3722 Mathye

240 3765 446 3807 communem
474 3764 571 3826 penes
589 3741 738 3816 rivulum,
765 3753 794 3799 et
819 3739 910 3798 sicet
933 3738 1031 3797 modo
1050 3739 1142 3799 debet
1162 3741 1277 3803 babere
1305 3745 1387 3805 vium
1407 3766 1507 3828 penes

241 3854 345 3935 ipsum
371 3851 520 3911 rivulum.

348 3957 424 4019 Item
438 3958 468 4016 in
485 3955 566 4016 facto
586 3954 666 4013 inter
685 3950 796 4031 Elyam
809 3949 948 4010 fusorem
964 3964 993 4008 et
1012 3951 1091 4009 inter
1107 3952 1277 4013 Martinunr
1293 3954 1431 4031 judicem
1458 3978 1505 4016 ra·

241 4067 332 4127 cionc
359 4060 605 4143 vituperacionis
628 4077 682 4138 per
707 4058 810 4136 ipsum
830 4056 1001 4115 Martinum
1030 4055 1165 4127 judicem
1193 4074 1221 4116 et
1248 4060 1350 4137 ipsum
1379 4061 1505 4142 Eiram,

241 4171 476 4232 concordarunt
494 4166 623 4226 cosdem
652 4164 777 4222 Marcus
796 4160 1020 4242 Gj'vvrukoycb
1047 4175 1076 4220 et
1095 4162 1275 4222 rirrthonius
1310 4165 1503 4248 l'bermsych

241 4279 381 4338 seniores
407 4274 497 4353 jurati
524 4286 554 4333 et
580 4270 722 4330 iecerunt
747 4288 857 4348 pacem
885 4267 964 4325 inter
990 4287 1054 4326 eos.

376 4441 469 4513 ieris
499 4449 594 4510 sexta
628 4439 779 4525 proxima
820 4443 894 4521 pust
929 4432 1049 4502 festum
1079 4432 1236 4519 Corporis
1267 4436 1399 4507 Christi.

791 4572 833 4643 (2.
851 4566 955 4641 stanit).

349 4700 426 4761 item
453 4697 526 4778 quia
552 4694 647 4756 tercia
666 4691 733 4752 vice
751 4687 982 4770 proclamatum
1006 4697 1062 4762 est,
1087 4686 1173 4764 quod
1200 4706 1262 4746 unu
1287 4688 1376 4750 litera
1396 4708 1505 4757 nostra

243 4828 299 4871 seu
324 4805 460 4870 civitatis
484 4800 603 4885 prefate
621 4818 678 4883 pro
702 4809 789 4878 parte
808 4791 905 4854 Marci
933 4789 1154 4870 Sydowchycb
1172 4791 1259 4868 dicti,
1283 4814 1377 4875 super
1400 4798 1502 4862 domo
