3488 5272
604 272 804 347 Ann0147o.
831 305 870 314 -
896 285 944 331 12.
960 271 1114 347 januarii.
1429 273 1484 355 3⁶¹

229 481 380 543 videlicet
405 481 518 563 capitis
536 481 689 562 porcione
706 478 766 542 fuit
783 481 935 563 expulsus
956 482 994 543 de
1020 482 1103 544 dicta
1121 482 1248 544 civitate
1266 499 1294 545 et
1320 485 1387 545 eius
1404 485 1493 546 terri·

229 589 325 665 torio,
350 589 400 649 cui
426 589 525 648 eciam
554 587 613 649 luit
637 588 773 648 abscissa
801 608 862 648 una
895 589 1055 668 auricula;
1081 605 1110 649 et
1135 591 1210 671 quia
1235 591 1274 650 ad
1300 591 1493 672 peticionem

231 695 463 755 nonnullorum
490 696 666 775 proborum
700 709 730 755 et
763 695 970 756 honestorum
1003 696 1144 756 virorum
1170 696 1274 756 cidem
1299 698 1438 776 graciam
1464 713 1495 759 et

232 802 485 863 misericordiam
511 802 615 862 taliter
640 799 784 878 fecimus,
810 801 923 880 utipse
948 801 1023 862 talia
1042 799 1207 864 malefacta
1234 804 1366 863 ulterius
1391 803 1493 865 lacere

233 927 289 968 nec
325 909 355 968 in
390 907 576 968 huiusmodi
609 905 694 968 furtu
727 908 861 967 inveniri
896 927 960 968 non
992 907 1125 985 debeat,
1157 909 1210 988 qui
1243 910 1266 970 si
1300 909 1360 970 hoc
1392 909 1494 970 lacere

231 1015 479 1096 attemptaverit,
497 1028 611 1074 extunc
636 1033 752 1094 penam
772 1014 802 1074 in
820 1014 937 1074 talibus
958 1029 1141 1074 consuetam
1167 1014 1252 1094 juxta
1269 1015 1493 1076 condicionem

230 1120 314 1181 dicte
340 1120 475 1180 civitatis
499 1121 617 1179 subibit
643 1135 673 1181 et
698 1120 849 1201 pacietur.

337 1227 413 1288 Item
447 1229 522 1307 quia
556 1226 736 1307 Stephanus
767 1247 929 1287 successor
966 1227 1123 1307 llegutaui
1158 1227 1318 1289 Valentini
1356 1228 1494 1307 agricole

230 1347 342 1393 contra
367 1332 537 1392 Nicolaum
565 1332 725 1414 l’oyeyich
751 1333 856 1414 primo
881 1333 994 1394 citatus
1019 1354 1083 1394 non
1113 1335 1292 1415 comparuit
1318 1335 1349 1395 in
1374 1333 1495 1414 judicio

232 1459 339 1499 coram
365 1439 467 1501 nobis.

340 1546 414 1605 item
440 1564 567 1605 causam
595 1545 676 1606 inter
701 1543 831 1606 Gerdak
863 1559 1003 1606 sutorem
1030 1560 1060 1607 et
1094 1547 1174 1606 inter
1200 1547 1327 1608 Petrum
1354 1547 1495 1629 Dragyn,

231 1653 381 1713 concives
406 1667 543 1730 nostros,
569 1653 697 1714 racione
732 1652 924 1734 inpulsionis
956 1655 1074 1713 bovum
1100 1654 1244 1714 eiusdem
1278 1655 1359 1714 Petri
1385 1655 1423 1714 ad
1450 1655 1495 1733 ju·

232 1758 338 1818 dicem
364 1773 394 1819 et
419 1759 633 1839 dampnorum
653 1759 711 1840 ipsi
740 1759 832 1819 l'etro
858 1759 888 1818 in
907 1760 1124 1819 retardacione
1147 1761 1265 1819 bovum
1290 1780 1422 1820 suorum
1440 1780 1496 1841 per

232 1864 372 1925 eundem
400 1864 528 1924 Gerdalr
555 1866 729 1941 illatorum,
758 1866 822 1946 ipse
844 1865 954 1925 Petrus
972 1866 1100 1947 Dragyo
1117 1865 1272 1927 solusmet
1289 1865 1392 1945 jurare
1409 1882 1495 1926 tene·

234 1971 320 2030 bitur
344 1985 498 2050 quantum
527 1971 658 2050 dampni
677 1991 786 2052 passus
811 1985 867 2048 est,
892 1972 958 2052 ipse
977 1971 1105 2032 Gerdalr
1132 1972 1235 2033 eidem
1255 1973 1348 2034 l'etro
1372 1973 1496 2033 soluere

232 2078 403 2155 tenebitur,
428 2093 457 2138 et
476 2077 625 2158 quitquid
644 2093 749 2137 autem
769 2078 900 2159 dampni
923 2079 989 2159 ipse
1008 2078 1136 2140 Gerdak
1155 2080 1185 2139 in
1204 2080 1295 2140 vinea
1313 2099 1369 2140 sua
1387 2099 1497 2161 passus

231 2199 287 2260 est,
303 2199 398 2264 prout
412 2186 612 2244 estimatores
626 2185 824 2260 estimarunt,
839 2185 942 2245 eidem
959 2184 1044 2244 idem
1061 2185 1171 2246 Petrus
1188 2186 1312 2246 solvere
1324 2186 1494 2246 tenebitur.

339 2289 415 2349 ltem
442 2310 569 2350 causam
597 2289 678 2349 inter
702 2289 852 2350 ancillam
878 2309 933 2349 seu
958 2291 1154 2351 servitricem
1182 2290 1270 2351 Pauli
1297 2289 1448 2351 aurifabri
1466 2306 1497 2353 et

232 2397 313 2456 inter
337 2415 470 2456 uxorem
498 2396 579 2456 l’etri
612 2395 771 2456 sellatoris
803 2397 931 2456 racione
964 2396 1200 2457 vulneracionis
1234 2417 1328 2457 nasus
1352 2397 1495 2457 eiusdem

231 2502 401 2562 servitricis
427 2502 526 2582 ipsius
550 2503 638 2563 l'auli
665 2501 828 2580 aurilabri,
854 2522 949 2583 quani
977 2504 1043 2584 ipse
1071 2503 1181 2564 l‘etrus
1205 2504 1264 2563 sibi
1290 2504 1329 2564 ad
1354 2503 1495 2584 coligen-

232 2609 308 2667 dum
335 2610 445 2668 botros
469 2609 607 2688 pecierat
632 2623 662 2669 et
686 2608 817 2669 tandem
843 2608 909 2690 ipsa
927 2629 1058 2671 consors
1083 2610 1225 2670 eiusdem
1252 2609 1334 2670 l‘etri
1360 2609 1496 2670 eandem

232 2715 270 2774 ad
297 2716 430 2775 domum
455 2734 546 2775 suam
571 2715 728 2775 advocare
752 2712 875 2776 fecisset
897 2715 1047 2793 dicend0,
1072 2716 1159 2797 quod
1184 2717 1280 2777 vellet
1306 2715 1411 2777 eidem
1438 2735 1496 2797 pro

233 2822 339 2881 labore
366 2820 557 2897 satisfacere,
582 2836 612 2881 et
638 2821 756 2881 ibidem
789 2841 847 2902 pro
879 2822 1018 2901 quadarn
1052 2823 1234 2904 suspicione
1260 2841 1371 2883 nasum
1396 2822 1496 2882 absci-

232 2930 307 2990 dere
333 2929 486 2989 voluisset
511 2945 541 2988 et
566 2929 666 2989 eciam
684 2928 825 3009 aliquam
843 2929 1040 3008 signaturam
1058 2931 1089 2989 in
1113 2949 1190 2990 naso
1208 2948 1308 3009 usquc
1333 2929 1497 3009 sanguinis

232 3035 421 3098 effusionem
449 3035 584 3109 lecisset,
610 3035 701 3106 iurati
727 3035 951 3110 adjudicarunt
984 3036 1099 3111 taliter,
1125 3055 1196 3096 curn
1222 3050 1252 3097 et
1277 3056 1314 3097 ex
1339 3055 1405 3116 quo
1430 3037 1496 3116 ipsa

232 3161 312 3202 uxor
337 3142 480 3202 eiusdem
501 3141 583 3200 Petri
610 3142 709 3222 ipsam
728 3141 878 3201 ancillam
895 3161 951 3202 seu
969 3140 1162 3202 servitricem
1181 3141 1280 3221 ipsius
1306 3140 1394 3201 Pauli
1413 3141 1496 3201 auri-

235 3247 314 3308 labri
341 3247 533 3323 judicialiter
558 3267 621 3307 non
641 3261 806 3327 prosecuta
835 3246 906 3323 luit,
924 3262 1033 3307 contra
1060 3248 1158 3327 ipsam
1177 3247 1325 3308 ancillam
1351 3247 1496 3308 convicta

233 3369 279 3415 est
305 3355 334 3414 in
362 3354 473 3433 viginti
501 3355 645 3433 quinque
672 3354 779 3433 pensis
804 3354 1022 3429 denariorum,
1047 3369 1076 3414 et
1097 3369 1206 3414 contra
1232 3354 1370 3431 judicem
1396 3369 1424 3413 et
1451 3354 1496 3430 iu·

234 3477 320 3521 ratos
346 3461 375 3519 in
402 3460 546 3540 quinque
565 3460 689 3540 pensis;
713 3460 751 3519 de
777 3480 843 3539 quo
868 3460 986 3537 judicio
1006 3460 1071 3540 ipse
1098 3460 1208 3520 l’etrus
1234 3460 1263 3519 in
1289 3479 1422 3541 persona
1440 3480 1496 3519 sue

234 3566 1495 3649 consortisnoncontentus,candem(causam)appellavitadsenioresjudices.

236 3785 329 3859 laria
360 3798 457 3858 sexta
487 3790 642 3877 proxima
681 3798 756 3876 post
795 3788 916 3858 lestum
945 3789 1033 3857 beati
1067 3788 1161 3857 Pauli
1192 3792 1289 3875 primi
1320 3788 1496 3865 Heremite.

525 3932 610 3981 auno
638 3912 766 3982 Domini
797 3910 922 3982 MCCCC
951 3916 1208 3999 septuagesimo.

635 4072 694 4138 (12.
710 4069 861 4141 januarii,
885 4086 955 4125 rann.
984 4070 1086 4144 1470).

342 4207 418 4268 ltem
444 4227 573 4267 causam
607 4208 688 4268 inter
712 4207 902 4268 Thomasko
934 4223 964 4269 et
989 4208 1069 4268 inter
1093 4208 1230 4269 condam
1263 4208 1424 4269 Andream
1451 4206 1496 4284 ju·

235 4313 338 4375 dicem
367 4313 561 4395 Symunych
586 4313 714 4373 racione
738 4314 953 4394 dampnorum
971 4315 1030 4375 sibi
1055 4314 1215 4376 illatorum
1243 4316 1272 4375 in
1299 4315 1416 4375 vitibus
1433 4315 1498 4374 suis

235 4434 265 4480 et
291 4421 321 4480 in
348 4420 515 4496 clenodiis,
540 4420 614 4500 quia
640 4420 728 4501 prius
751 4419 809 4500 ipsi
836 4420 973 4480 condam
991 4421 1120 4481 Andree
1147 4420 1340 4502 Symunych
1367 4419 1426 4481 luit
1442 4420 1497 4480 ad·

237 4526 412 4603 judicaturo
437 4526 560 4588 solvere
586 4540 649 4587 tres
666 4526 802 4587 cubulos
826 4527 903 4604 vini,
928 4546 1010 4607 quos
1027 4528 1235 4589 commissarii
1261 4526 1497 4588 eiusdem'con·

235 4633 308 4693 dam
335 4633 462 4693 Andree
486 4633 609 4693 solvere
634 4634 838 4710 tenebuntur,
864 4633 895 4693 in
928 4633 998 4694 aliis
1022 4649 1052 4694 et
1076 4654 1134 4714 pro
1166 4633 1238 4695 aliis
1262 4634 1410 4716 dampnis
1433 4635 1498 4695 suis

236 4757 315 4801 uxor
348 4739 447 4821 ipsius
479 4738 669 4801 Thomasko
700 4739 804 4820 jurare
835 4758 901 4800 non
933 4740 1056 4822 potuit,
1088 4760 1164 4822 ergo
1197 4756 1242 4803 est
1274 4741 1440 4804 convictus
1464 4743 1496 4802 in
