3488 5272
648 338 848 415 Anno1457.
873 373 912 384 -
937 353 984 401 11.
1008 341 1117 400 martti.

611 548 690 609 Item
714 547 840 610 Blasius
865 549 1038 612 aurifaber.

609 655 686 716 ltem
712 654 890 737 Gregorius
913 656 1070 740 Bdudych
1095 656 1245 739 lrenipar.

610 761 689 823 ltem
713 761 838 823 Blasius
862 760 1012 845 frenipar.

609 867 687 928 ltem
712 867 831 928 Paulus
853 868 985 930 sellator
1008 888 1106 949 gener
1131 868 1288 951 Dyonisii.

611 973 687 1034 ltem
714 973 825 1035 Petrus
848 974 1044 1036 mechotreb.

610 1080 686 1140 ltem
712 1080 865 1142 Nicolaua
889 1080 1086 1143 mechotreb.

607 1185 683 1246 ltem
709 1185 819 1247 Pedko
843 1184 993 1248 carnifex.

608 1292 684 1354 ltem
710 1291 872 1353 lohannes
895 1292 1034 1355 carnifex
1062 1293 1231 1377 Hn'alych.

609 1398 685 1458 item
712 1398 829 1458 Paulus
853 1397 992 1459 carnifex
1016 1400 1198 1482 Agathych.

608 1504 685 1565 ltem
711 1504 836 1565 Blasius
860 1504 1048 1585 lutiligulus.

607 1611 684 1671 ltem
711 1610 828 1671 Paulus
851 1625 941 1672 sutor
965 1612 1163 1694 Werychyn.

610 1717 686 1777 ltem
713 1717 859 1798 filippus
882 1731 982 1778 sutor.

607 1822 683 1883 ltem
710 1822 872 1882 Fabianus
900 1838 1000 1884 sutor.

606 1928 683 1988 ltem
709 1927 873 1988 lohannes
899 1943 998 1990 sutor.

605 2033 682 2094 ltem
708 2033 855 2093 Thomas
876 2047 965 2094 sutor
988 2033 1127 2116 Glazyn.

605 2139 681 2200 ltem
708 2138 891 2199 Anthonius
914 2154 1002 2200 sutor
1026 2160 1189 2205 successor

603 2245 741 2305 condam
765 2243 921 2304 Anthonii
944 2245 1107 2308 institoris.

348 2436 425 2497 ltem
460 2435 574 2516 prelati
609 2436 792 2496 ‚anthonius
820 2435 915 2505 iudex
950 2438 1125 2499 modernus
1159 2454 1190 2501 et
1214 2441 1306 2515 jurati
1338 2463 1375 2504 ac
1399 2447 1507 2506 consi·

241 2544 324 2604 liarii
349 2561 422 2603 cum
447 2561 606 2602 consensu
631 2557 661 2601 et
686 2541 880 2601 admissione
912 2561 948 2601 ac
984 2544 1126 2603 unanimi
1151 2560 1181 2604 et
1212 2548 1365 2607 concordi
1390 2551 1505 2611 volun-

239 2663 302 2709 tate
326 2669 363 2709 ac
387 2648 516 2708 decreto
541 2648 644 2707 tocius
667 2646 908 2706 communitatis
939 2648 1048 2707 omnia
1080 2649 1205 2710 decreta
1230 2666 1261 2712 et
1292 2668 1408 2714 statuta
1440 2672 1507 2718 tam

240 2757 272 2816 in
296 2754 438 2834 antiquis
462 2772 559 2833 quam
586 2754 617 2812 in
643 2752 782 2831 presenti
808 2753 946 2811 katemis
969 2755 1148 2834 conscripta
1173 2772 1204 2815 et
1220 2774 1369 2820 contenta
1394 2764 1504 2842 quoad

238 2881 353 2922 omnes
369 2861 531 2931 articulos,
557 2873 674 2938 puncta
691 2872 722 2916 et
746 2857 905 2915 clausulas
921 2859 1109 2918 eorumdem
1126 2875 1317 2924 statutorum
1341 2882 1373 2926 et
1397 2869 1508 2929 decre-

239 2984 345 3027 torum
371 2986 427 3045 per
451 2981 554 3024 totum
579 2983 701 3024 annum
727 2963 882 3042 presentis
908 2962 1065 3033 judicatus
1089 2965 1189 3044 ipsius
1217 2970 1372 3030 Anthonii
1392 2973 1507 3043 iudicis

239 3093 275 3133 ac
308 3073 460 3151 deinceps
491 3090 618 3150 semper
651 3070 717 3131 iure
751 3083 907 3148 perpetuo
931 3084 961 3127 et
995 3070 1243 3132 irrevocabiliter
1275 3076 1507 3141 confirmarunt

238 3199 364 3260 semper
388 3178 524 3237 valitura
548 3190 579 3235 et
608 3174 740 3234 tirmiter
764 3174 975 3234 observanda.

345 3286 421 3344 ltem
447 3283 539 3351 iurati
565 3279 832 3347 adiudicarerunt
849 3296 977 3336 causam
1000 3278 1083 3337 inter
1109 3280 1341 3359 biargaretham
1360 3289 1504 3352 relictam

238 3391 374 3451 condam
402 3389 565 3449 Benedicti
592 3385 707 3451 iudicis
730 3399 760 3442 et
787 3384 867 3442 inter
893 3382 1026 3441 Elenam
1045 3402 1188 3444 sororem
1213 3390 1350 3450 condant
1377 3395 1502 3457 Nicolai

238 3495 478 3563 barbitonsoris,
503 3494 557 3552 tali
584 3491 694 3559 modo,
719 3505 753 3548 ut
778 3489 844 3567 ipsa
871 3487 1070 3565 biargaretha
1096 3489 1203 3549 relicta
1233 3493 1310 3554 dicti
1339 3498 1503 3564 Benedicti

239 3601 353 3669 iudicis
376 3600 471 3661 tercia
490 3619 522 3658 se
547 3597 693 3678 personis
709 3594 769 3653 sibi
794 3592 954 3651 similibus
977 3607 1092 3651 octavo
1117 3593 1168 3652 die
1193 3614 1304 3658 contra
1325 3605 1502 3680 predictam

239 3707 372 3767 Elenam
398 3705 500 3775 iurare
525 3704 687 3762 tenebitur
704 3717 800 3778 snper
821 3715 872 3765 eo,
889 3711 922 3754 ut
940 3696 1006 3774 ipsa
1032 3695 1129 3755 cilum
1147 3716 1334 3777 argenteum
1360 3709 1502 3786 predicte

238 3812 338 3873 [lene
363 3830 427 3871 non
452 3808 606 3869 subtraxit
631 3824 736 3884 neque
762 3820 834 3862 cum
860 3802 939 3859 scitu
965 3820 1024 3859 suo
1049 3816 1094 3859 est
1118 3802 1306 3866 subtractus.

345 3934 420 3995 ltem
447 3931 646 4012 Augustinus
670 3930 775 3987 dictus
801 3925 910 3983 Knsne
928 3938 957 3982 et
981 3922 1142 3982 lohannes
1165 3942 1266 3985 sartor
1290 3936 1499 3999 commissarii

237 4057 268 4103 et
292 4056 478 4102 executores
501 4036 682 4099 testamenti
709 4032 847 4092 condam
875 4029 958 4088 Rosc
984 4028 1120 4107 pistricis
1144 4030 1182 4087 ab
1207 4049 1269 4091 una
1293 4051 1323 4094 et
1348 4055 1435 4115 parte
1459 4046 1500 4104 ab

237 4149 333 4210 altera
357 4146 475 4207 Paulus
500 4141 667 4224 Agathych
699 4134 839 4199 carnifex
873 4135 904 4193 in
929 4152 984 4191 sua
1010 4147 1039 4190 et
1066 4134 1197 4209 Agnetis
1231 4140 1337 4197 uxoris
1360 4162 1416 4203 sue
1442 4167 1498 4226 pet

237 4253 509 4335 composicionem
535 4249 676 4331 plurium
695 4246 870 4325 proborum
896 4239 1037 4296 virorum
1058 4238 1165 4295 omnia
1191 4238 1270 4299 lacta
1288 4261 1398 4304 eorum
1417 4251 1499 4313 intes

237 4364 323 4444 ipsos
347 4359 454 4420 habita
478 4376 495 4416 a
520 4355 633 4416 maiori
659 4368 762 4429 usque
787 4346 826 4405 ad
844 4343 978 4402 minima
1002 4341 1137 4398 omnino
1159 4341 1374 4421 deposuerunt
1400 4371 1429 4415 et
1447 4378 1497 4416 ω.

237 4469 365 4550 pierunt
387 4461 521 4546 pacifico
546 4459 656 4519 modo.

343 4572 420 4633 ltem
445 4586 573 4629 cansun
599 4566 680 4624 inter
714 4559 877 4639 filippum
910 4566 1051 4610 sutorem
1080 4562 1110 4606 et
1143 4550 1223 4609 inter
1249 4554 1409 4637 Maeniam
1436 4565 1494 4646 ΡΥ,

237 4678 364 4741 narrcb
381 4677 522 4737 habitam
548 4672 639 4739 iurati
664 4668 705 4730 ad
722 4664 862 4748 primurn
889 4654 1044 4719 iudicium
1062 4653 1204 4728 proxime
1221 4675 1391 4724 occurrens
1407 4670 1493 4730 vide-

237 4752 311 4850 licei
333 4785 374 4846 ad
399 4781 512 4844 leriam
534 4796 654 4842 sextam
679 4774 858 4859 proximam
884 4760 977 4834 iurati
1002 4774 1224 4837 prorogarunt.
