3464 5266
631 313 719 369 Am
740 323 833 388 1459.
858 346 899 355 -
916 325 973 390 31.
996 310 1129 386 negasti.
1429 330 1512 429 *¹2⁶7

353 522 430 582 ltem
455 522 597 583 seniores
629 521 751 601 judices
782 523 965 604 potenciam
998 543 1055 606 per
1085 523 1207 603 juratos
1230 525 1313 586 inter
1336 525 1509 588 Nicolaum

244 642 386 688 sutorem
413 642 443 688 et
467 627 632 709 waarich
664 628 879 707 adjudicatam
910 630 956 690 aic
980 644 1012 690 et
1034 648 1074 692 eo
1105 630 1206 692 modo
1229 631 1510 707 adjudicaverunt,

244 734 333 813 quod
358 734 432 814 quia
458 731 599 814 prelatus
615 734 769 795 Nicolaus
792 736 904 796 vinum
927 755 984 796 sua
1000 751 1177 818 spontanea
1195 737 1361 800 uoluntate
1386 736 1510 820 prelato

245 840 412 920 Pyrrarich
438 839 538 915 dedit,
563 839 733 921 ipsumque
758 841 870 902 vinum
895 839 1037 923 prelatus
1060 842 1226 924 waarich
1250 862 1307 925 per
1329 863 1364 906 se
1388 845 1509 927 persol-

244 965 319 1007 vere
344 965 411 1005 non
436 946 552 1026 potuit,
576 946 666 1027 quod
689 962 796 1008 tamen
821 966 877 1029 per
901 948 1001 1009 alium
1035 948 1094 1031 ipsi
1119 948 1256 1011 Nicolao
1280 950 1379 1011 sutori
1404 951 1509 1013 solve·

245 1053 340 1113 batur
363 1051 437 1112 ideo
462 1053 643 1133 potenciam
668 1067 778 1114 contra
803 1052 944 1116 eundem
965 1054 1195 1136 proclamatum
1221 1074 1286 1116 non
1312 1056 1416 1138 potuit
1432 1077 1505 1140 pro·

243 1159 384 1220 clamare
408 1173 439 1220 ct
462 1160 506 1220 ob
529 1159 590 1220 hoc
615 1161 648 1220 in
672 1158 755 1221 lacto
779 1160 977 1243 potenciario
1006 1179 1071 1222 non
1096 1175 1142 1221 est
1164 1161 1342 1224 convictus.

350 1263 427 1326 Item
453 1264 606 1326 Clemens
629 1266 868 1327 molendinator
891 1280 1002 1328 contra
1022 1265 1214 1328 Michaelem
1235 1281 1376 1329 sutorem
1403 1268 1509 1350 primo

242 1372 359 1433 citatus
383 1389 448 1431 non
473 1373 663 1454 comparuit.

241 1605 337 1679 Feria
366 1616 464 1678 sexta
484 1606 635 1695 proxima
665 1617 741 1697 post
761 1609 884 1680 festum
904 1609 1135 1682 Decolacionis
1163 1610 1328 1700 Johannis
1344 1610 1507 1700 Baptista.

766 1765 831 1838 (31.
854 1765 995 1837 augusti).

349 1900 427 1961 Item
445 1899 598 1962 Clemens
613 1901 854 1963 molendinator
866 1916 976 1964 contra
994 1902 1186 1964 Michaclcm
1202 1918 1345 1965 sutorem
1362 1904 1506 1966 secundo

243 2007 358 2067 citatus
382 2025 446 2067 non
471 2007 661 2087 comparuit.

348 2112 426 2175 Item
451 2133 578 2174 causam
611 2114 693 2174 inter
717 2115 891 2176 Martinum
916 2128 948 2177 et
972 2117 1092 2177 Lucam
1116 2130 1241 2178 sutores
1265 2116 1393 2178 racione
1419 2135 1500 2198 quo-

241 2219 388 2279 rumdam
414 2219 658 2300 vituperiorum,
683 2219 840 2281 Martinus
869 2221 977 2282 senior
1012 2221 1107 2299 judex
1130 2241 1168 2283 ex
1199 2241 1358 2284 consensu
1390 2236 1499 2284 nostro

239 2338 271 2384 et
295 2324 438 2405 parcium
464 2325 630 2384 ambarum
662 2326 846 2406 prorogavit
878 2346 979 2408 usque
1010 2326 1050 2388 ad
1083 2327 1178 2388 aliam
1204 2327 1256 2388 die
1287 2327 1500 2409 judiciariam.

346 2431 424 2492 Item
448 2449 504 2513 per
528 2432 699 2493 instantem
717 2432 910 2514 peticionem
928 2433 1160 2495 nonnullorum
1185 2435 1361 2514 proborum
1386 2448 1417 2495 et
1440 2434 1497 2495 ho·

238 2550 402 2598 nostorum
427 2537 568 2598 virorum
586 2538 748 2619 signanter
764 2556 840 2599 vero
865 2537 1062 2600 honorabilis
1079 2539 1202 2599 domini
1227 2538 1352 2601 Nicolai
1369 2539 1498 2621 plebani

238 2642 432 2725 parochialis
456 2643 588 2704 ecclesie
613 2657 720 2705 nostre
743 2645 957 2706 communitas
981 2644 1114 2705 indulsit
1138 2663 1284 2706 excessus
1308 2644 1427 2706 Mathie
1444 2644 1498 2706 tri·

239 2750 356 2810 butarii
382 2750 509 2811 racione
534 2769 598 2810 non
617 2749 834 2831 deposicionis
849 2750 1021 2830 juramenti
1038 2764 1168 2833 propter
1184 2749 1350 2831 quoddam
1367 2748 1499 2812 lurtum.

346 2856 422 2917 ltem
442 2854 601 2936 Georgius
614 2856 801 2917 Ztharibecz
819 2870 929 2918 contra
946 2856 1149 2919 Clementem
1167 2855 1377 2917 monoculum
1395 2857 1501 2937 primo

237 2962 352 3023 citatus
376 2982 440 3023 non
465 2963 655 3044 comparuit.

343 3069 420 3130 ltem
446 3088 572 3129 causam
598 3069 680 3130 inter
705 3069 824 3130 Lucam
845 3084 986 3131 sutorem
1012 3083 1043 3130 et
1068 3067 1261 3149 Gregorium
1286 3067 1499 3129 Wrecharich

236 3176 365 3236 racione
401 3174 600 3236 vendicionis
635 3174 801 3236 cuiusdam
838 3176 965 3253 domus,
1001 3194 1098 3255 quam
1131 3175 1197 3256 ipse
1230 3174 1332 3235 Lucas
1366 3187 1496 3255 propter

235 3281 375 3362 dampna
398 3301 454 3341 sua
472 3295 545 3362 post
567 3280 682 3341 trinam
700 3281 992 3362 proclamacionem
1010 3281 1156 3362 superius
1176 3279 1389 3360 conscriptam
1420 3299 1494 3341 ven-

235 3386 370 3463 diderat,
403 3385 496 3465 jurati
529 3384 793 3465 adjudicaverunt
824 3386 879 3447 tali
909 3386 1020 3465 mod0,
1051 3386 1139 3467 quod
1172 3385 1239 3468 ipse
1272 3385 1376 3446 Lucas
1405 3397 1494 3447 sutor

235 3491 370 3553 eandem
395 3491 529 3552 domum
546 3491 680 3572 juridice
698 3511 755 3572 pro
773 3492 958 3553 huiusmodi
976 3491 1125 3574 dampnis
1141 3491 1207 3552 suis
1224 3490 1362 3553 vendere
1380 3490 1495 3572 potuit.

340 3597 417 3658 ltem
451 3597 615 3678 Pyrvarich
642 3610 756 3659 octavo
788 3598 840 3659 die
870 3598 901 3658 in
934 3617 973 3658 eo
1006 3596 1222 3678 juramentum
1254 3596 1416 3678 deponere
1441 3594 1495 3657 ha-

234 3703 323 3764 bebit
346 3716 456 3764 contra
481 3703 651 3763 Nicolaum
676 3716 817 3764 sutorem
851 3703 883 3764 in
913 3723 963 3781 eo,
996 3705 1084 3784 quod
1109 3711 1167 3763 nec
1199 3702 1265 3783 ipse
1291 3720 1349 3762 nec
1374 3699 1495 3762 familia

232 3829 288 3869 sua
313 3824 451 3871 stercora
478 3810 611 3890 proiecit
635 3828 691 3888 per
716 3809 890 3871 lumorium
918 3811 947 3869 in
974 3809 1107 3870 domum
1132 3827 1233 3870 suam.

341 3916 416 3975 ltem
430 3915 516 3995 juxta
534 3915 696 3996 quandam
714 3916 887 3976 secundam
905 3916 1180 3997 composicionem
1198 3914 1295 3975 Marci
1313 3913 1351 3973 de
1370 3913 1491 3975 Chawa

233 4034 263 4081 et
289 4019 419 4100 Georgii
453 4021 591 4101 agricole
617 4022 744 4082 racione
777 4022 992 4102 quorumdam
1024 4040 1076 4082 sex
1102 4020 1224 4097 floren,
1252 4018 1410 4080 florenum
1436 4038 1491 4100 per

232 4126 375 4207 quinque
400 4140 430 4187 et
455 4128 593 4187 mediam
619 4146 751 4208 pensam
776 4127 1006 4208 computando,
1038 4125 1131 4204 jurati
1157 4144 1285 4185 causam
1309 4124 1391 4185 inter
1423 4144 1493 4186 eos·

232 4231 304 4292 dem
337 4231 441 4293 taliter
473 4232 749 4313 adjudicaverunt,
782 4234 869 4313 quod
907 4234 973 4314 ipse
1008 4231 1169 4311 Georgius
1201 4230 1409 4311 quindecimo
1442 4231 1494 4291 die

231 4336 370 4418 prelatos
394 4358 446 4399 sex
471 4338 540 4401 flor.
567 4339 625 4420 ipsi
653 4339 761 4400 Marco
786 4338 825 4400 de
851 4338 972 4400 Chawa
997 4339 1179 4420 persolvere
1203 4336 1344 4397 debebit.

336 4443 414 4504 ltem
432 4464 558 4505 causam
586 4445 667 4504 inter
684 4443 893 4505 Benedictum
911 4444 950 4504 de
969 4445 1118 4526 Bosyalro
1143 4457 1173 4503 ct
1198 4442 1333 4504 Paulum
1351 4456 1493 4503 sutorem

231 4549 358 4611 racione
383 4550 548 4611 cuiusdam
574 4551 721 4632 potencie
740 4570 796 4632 per
821 4551 926 4632 ipsum
945 4550 1080 4611 Paulum
1106 4568 1201 4631 super
1225 4548 1364 4609 eundem
1392 4547 1493 4610 liene·

230 4655 351 4717 dictum
377 4655 467 4734 lacte,
491 4656 583 4737 jurati
609 4657 653 4717 sic
685 4656 961 4738 adjudicaverunt,
986 4657 1074 4737 quod
1107 4653 1247 4737 prelatus
1273 4652 1391 4714 Paulus
1416 4652 1490 4716 lecit

231 4762 413 4843 potenciam
438 4781 630 4844 supereum
656 4782 692 4823 ex
717 4781 782 4842 quo
804 4763 925 4842 absque
951 4762 1116 4823 voluntate
1140 4779 1196 4821 aua
1222 4758 1377 4841 quasdam
1407 4772 1454 4821 cus

1392 4866 1416 4909 ll
