3488 5272
236 309 301 389 436
620 310 706 366 Anno
728 320 817 386 1475.
848 342 887 352 -
914 323 961 384 13.
977 307 1131 385 J'anuan'i.

211 569 214 572 .
238 519 364 601 plenam
391 521 611 581 auctoritatem
633 519 810 600 exequendi
831 532 861 580 et
884 519 1076 601 disponendi
1095 519 1180 599 juxta
1198 519 1398 601 legacionem
1417 521 1503 582 eius-

238 626 310 686 dem
339 625 546 705 Margarethe.

347 732 422 792 Item
434 732 509 813 quia
520 732 665 792 Thomas
675 730 876 809 llorwathin,
890 731 995 792 senior
1005 730 1100 810 judex
1112 743 1228 809 noster,
1242 751 1314 792 cum
1329 731 1501 795 sufficienti

238 838 424 899 testimonio
456 857 563 898 coram
598 838 691 898 nobis
723 837 956 919 comprobavit,
987 837 1074 918 quod
1104 837 1180 898 dum
1214 837 1329 899 Milecz
1352 836 1442 900 saber
1467 858 1504 900 sc

238 965 319 1006 uxor
343 964 399 1005 sua
425 945 455 1005 in
480 944 546 1005 suis
570 945 719 1005 extremis
743 944 951 1021 laborassent,
974 957 1050 1005 tunc
1069 943 1127 1025 ipsi
1152 942 1311 1025 prelatum
1336 944 1500 1007 Thomam

239 1052 430 1113 Horwathin
456 1071 549 1112 suum
580 1070 691 1111 verum
724 1064 754 1111 et
780 1050 975 1130 legittimum
1008 1064 1210 1112 executorem
1244 1048 1402 1130 fecissent,
1427 1051 1502 1113 ideo

238 1159 341 1219 eidem
367 1158 497 1218 Thome
522 1157 714 1218 Horwathin
744 1156 890 1217 omnium
925 1175 1042 1234 rerum,
1067 1156 1316 1237 possessionum,
1341 1159 1501 1219 bonorum

238 1264 426 1326 eorumdem
455 1264 578 1346 Mylecz
603 1262 683 1324 labri
710 1276 740 1324 et
764 1283 819 1323 sue
849 1263 956 1323 uxoris
989 1262 1102 1323 damus
1125 1263 1254 1345 plenam
1279 1264 1501 1326 auctoritatem

238 1370 417 1452 exequendi
444 1383 473 1430 et
498 1369 691 1450 disponendi
717 1368 802 1448 juxta
827 1368 1028 1449 legacionem
1054 1369 1255 1431 eorumdem.

345 1477 422 1537 Item
441 1496 567 1536 causam
587 1476 668 1536 inter
686 1476 828 1536 Marcum
848 1473 1039 1552 carnificem,
1058 1489 1271 1554 executorem,
1289 1490 1319 1537 et
1337 1475 1501 1538 Thomam

238 1596 378 1643 sutorem
404 1582 531 1643 racione
557 1582 632 1642 certi
665 1582 765 1642 debiti
797 1581 933 1641 condam
964 1581 1141 1642 Clementis
1173 1581 1352 1664 freniparis,
1376 1583 1502 1663 adjudi-

239 1701 343 1749 catum
364 1703 419 1767 est,
444 1688 533 1769 quod
551 1687 690 1769 prefatus
708 1688 853 1750 Thomas
873 1707 968 1768 super
985 1701 1282 1770 quantumcumque
1307 1689 1502 1771 adprestabit

242 1794 468 1874 juramentum,
492 1807 615 1855 tantum
642 1790 782 1876 prefatus
804 1795 929 1854 Marcus
953 1808 1102 1854 executor
1120 1794 1244 1856 solvere
1269 1796 1447 1871 tenebitur;
1472 1809 1503 1856 et

240 1901 392 1982 prestabit
416 1900 632 1980 juramentum
657 1899 733 1960 leria
759 1914 844 1960 sexta
870 1899 1015 1980 proxime
1040 1913 1183 1962 ventura.

345 2007 421 2067 ltem
449 2008 630 2088 Stephanus
648 2007 777 2088 sellipar
802 2021 926 2067 tenetur
943 2006 1106 2066 extradare
1128 2007 1236 2067 omnia
1262 2009 1344 2067 bona
1363 2007 1500 2068 condam

240 2114 358 2194 Filippi
384 2113 536 2174 aurifabri
561 2114 601 2174 ad
626 2133 740 2174 manus
762 2112 885 2191 judicis.

345 2220 422 2281 ltem
456 2220 601 2280 Thomas
636 2220 856 2280 Ztrozkovviez
889 2218 1040 2300 prestabit
1071 2217 1285 2297 juramentum
1320 2220 1503 2282 mettercius

239 2324 315 2387 feria
341 2341 425 2388 sexta
451 2327 595 2407 proxime
620 2340 752 2387 ventura
781 2345 875 2407 super
907 2345 957 2401 e0,
993 2325 1080 2404 quod
1114 2344 1177 2386 non
1204 2340 1249 2386 est
1274 2326 1443 2408 culpabilis
1468 2327 1499 2386 in

239 2446 342 2494 morte
366 2453 421 2494 sue
447 2433 571 2508 uxoris;
597 2433 673 2493 item
698 2432 790 2511 jurati
808 2445 1062 2515 prorogaverunt
1079 2431 1117 2491 ad
1140 2432 1342 2493 resciendunr
1367 2432 1501 2494 ulterius

239 2540 264 2600 si
289 2538 349 2600 fuit
373 2540 542 2621 culpabilis
571 2539 621 2600 vel
646 2559 720 2600 non.

242 2704 335 2777 Faria
366 2715 461 2777 sexta
498 2705 649 2795 proxima
687 2713 763 2796 post
792 2706 913 2777 festum
952 2705 1040 2777 beati
1070 2707 1164 2777 Pauli
1194 2708 1293 2795 primi
1323 2704 1501 2777 Heremite.

638 2858 702 2938 (13.
720 2862 871 2935 januarii,
894 2879 963 2920 airu.
991 2859 1098 2937 1475).

351 2983 426 3043 ltem
438 3003 565 3044 causam
577 2984 657 3043 inter
669 2982 866 3043 Demetrium
889 2995 1028 3042 sutorem
1041 2996 1070 3040 et
1081 2982 1223 3041 Marcum
1239 2980 1417 3042 carnificem
1431 3001 1503 3063 pro-

244 3090 427 3169 rogavimus
446 3090 598 3169 usquead
617 3104 742 3170 tempus
760 3089 835 3149 dum
855 3088 1021 3148 sanitatem
1037 3103 1250 3167 consequetur
1268 3088 1352 3148 idem
1369 3089 1502 3150 Marcus.

349 3195 424 3255 ltem
452 3196 575 3255 Blasius
602 3195 767 3255 Ztenichlti
792 3195 898 3254 senior
917 3193 1010 3272 judex
1036 3194 1140 3274 primo
1168 3194 1280 3254 citatus
1305 3208 1413 3254 contra
1440 3197 1504 3253 An·

242 3300 390 3361 thonium
418 3302 594 3361 institorem
621 3321 685 3361 non
710 3301 898 3382 comparuit.

349 3406 424 3467 ltem
451 3427 556 3467 coram
583 3407 683 3467 Paulo
709 3407 810 3480 jurato
836 3406 895 3466 luit
920 3407 957 3466 lis
982 3407 1063 3468 inter
1088 3406 1266 3468 iohannem
1296 3409 1456 3469 Perou‘icz
1475 3423 1505 3470 et

243 3512 412 3572 Nicolaum
438 3514 604 3588 scolarem,
630 3527 660 3573 et
685 3512 743 3573 luit
765 3511 982 3589 adjudicatum
1001 3529 1138 3594 prestare
1165 3513 1380 3592 juramentum
1400 3515 1504 3576 eidem

243 3619 379 3680 Johanni
407 3620 568 3679 Perowicz
593 3618 670 3680 feria
696 3634 780 3680 sexta
806 3619 949 3700 proxima
983 3633 1055 3700 post
1079 3635 1207 3681 octavas
1233 3620 1328 3681 Pasce
1356 3621 1505 3695 Domini;

245 3741 274 3787 et
299 3727 364 3808 ipse
391 3726 552 3786 lohannes
576 3725 791 3805 juramentum
817 3726 952 3807 prestitit
977 3727 1130 3807 plenarie.

351 3833 426 3893 ltem
453 3852 580 3892 causam
607 3833 689 3893 inter
712 3833 882 3893 Nicolaum
909 3831 1034 3894 labrum
1061 3848 1090 3894 et
1120 3834 1318 3913 Konthigaar
1343 3835 1505 3912 adjudica·

244 3953 357 4000 verunt
381 3939 484 4019 jurati,
510 3938 597 4018 quod
632 3939 715 3998 idem
743 3940 898 4019 h'ontigar
931 3954 976 3999 est
1001 3941 1165 4001 convictus
1198 3941 1228 4000 in
1255 3941 1367 4001 decem
1399 3943 1506 4022 pensis

244 4047 449 4106 denariorum
475 4045 579 4105 eidem
605 4045 741 4105 Nicolao
775 4043 875 4121 labro,
904 4044 1013 4123 juratis
1046 4066 1120 4106 vero
1147 4048 1176 4106 in
1203 4062 1330 4107 centum
1357 4048 1504 4107 denariis.

350 4152 425 4213 Item
451 4171 631 4233 causaque
666 4153 845 4210 vertebatur
877 4152 1009 4211 sabbato
1042 4168 1114 4213 ante
1147 4151 1262 4212 lestum
1290 4153 1387 4213 Lucie
1426 4155 1506 4214 inter

244 4258 386 4319 relictam
419 4259 555 4318 condam
589 4256 736 4333 Martini,
774 4256 936 4318 Dorothea
969 4273 1127 4336 vocatam,
1160 4272 1189 4320 et
1222 4259 1302 4319 inter
1333 4259 1505 4338 quemdam

246 4364 353 4446 Sydan
379 4364 499 4425 dictum
536 4365 574 4424 de
602 4362 759 4442 Kloltoch,
785 4365 910 4426 racione
940 4363 1038 4425 debiti
1065 4365 1194 4444 triginta
1221 4365 1299 4440 flor,
1325 4366 1429 4425 eidem
1450 4366 1506 4425 do·

245 4471 331 4531 mine
356 4471 517 4532 Dorothee
543 4492 598 4552 per
623 4472 742 4551 juratos
766 4471 824 4532 luit
853 4470 1070 4549 adjudicatum
1105 4472 1265 4553 deponere
1291 4471 1505 4548 juramentum

245 4577 384 4638 secunda
410 4578 461 4638 die
487 4591 557 4658 post
589 4579 762 4640 adventum
795 4596 888 4637 suum
922 4575 1069 4638 videlicet
1104 4579 1245 4639 eiusdem
1273 4577 1393 4658 Sydan,
1419 4579 1506 4659 quod

246 4684 320 4765 (res)
345 4703 408 4745 non
434 4685 564 4745 haberet
588 4685 712 4766 aliquas
737 4681 848 4765 prefati
873 4683 1010 4746 condam
1036 4685 1164 4744 Martini
1190 4698 1392 4767 preterquam
1418 4685 1506 4765 quod

246 4793 439 4875 presentavit
463 4811 569 4855 coram
595 4793 704 4875 probis
728 4792 804 4854 viris
828 4807 859 4855 et
882 4808 989 4854 coram
1014 4789 1130 4852 eodem
1155 4792 1275 4877 Sydan.

770 4917 982 4941 W
