3488 5272
620 278 706 334 Anno
736 288 828 353 1479.
854 309 896 319 —
919 290 970 338 20.
1004 276 1119 351 aprilis.

238 506 370 549 uxorem
407 487 571 569 Zekyricz,
607 487 797 568 quiquidem
831 488 993 549 Iohannes
1024 489 1054 549 in
1089 490 1280 553 consistorio
1312 493 1442 573 publice
1475 508 1506 554 et

239 592 406 656 maniIeste
431 594 471 655 de
495 594 677 676 prescriptis
702 592 792 656 lactis
816 594 1003 676 expurgavit
1027 609 1058 656 et
1083 596 1249 659 inmunem
1275 598 1363 660 dixit.

346 701 423 762 Item
449 700 535 762 idem
560 698 661 761 lassus
685 713 742 779 est,
767 701 855 781 quod
877 720 958 762 uxor
981 721 1037 762 sua
1061 702 1139 763 dum
1156 703 1243 764 idem
1269 704 1405 767 eandem
1430 708 1506 768 sub·

240 822 396 885 oraverat,
422 821 538 868 eotunc
570 821 752 888 portaverat
778 807 808 867 in
841 821 993 889 prompto
1017 807 1129 888 vigInti
1155 807 1237 887 flor„
1269 830 1350 891 quos
1382 815 1506 875 subtra-

239 927 327 974 xerat
351 912 488 974 Johanni
516 913 635 975 Passar.

346 1018 423 1079 Item
449 1019 533 1080 idem
559 1017 660 1079 fassus
684 1034 741 1095 est,
766 1020 854 1099 quod
879 1038 968 1080 soror
992 1039 1048 1080 sua
1066 1040 1139 1081 cum
1163 1041 1221 1083 suo
1240 1023 1321 1086 scitu
1346 1022 1507 1088 furaverat

240 1146 255 1185 a
281 1124 395 1185 VrsuIa
419 1124 564 1202 muliere,
589 1144 685 1205 quam
716 1125 884 1206 pecuniam
910 1125 995 1186 idem
1014 1125 1176 1188 Iohannes
1200 1129 1302 1191 tribus
1326 1131 1449 1192 vicibus
1465 1134 1506 1193 ab

240 1232 352 1292 eadem
379 1230 521 1293 iurasset.

346 1339 423 1400 Item
456 1338 541 1400 idem
567 1335 668 1399 fassus
692 1351 748 1415 est,
781 1339 868 1419 quod
897 1339 1063 1420 quoddam
1089 1340 1215 1401 milium
1248 1341 1310 1420 jam
1343 1342 1508 1423 aliquibus

240 1447 332 1508 annis
355 1446 513 1527 preteritis
538 1444 577 1506 de
602 1445 701 1505 domo
727 1445 846 1506 KeIecz
865 1465 964 1528 prope
990 1446 1178 1507 macceIIum
1197 1446 1384 1510 carnificum
1403 1450 1507 1512 noctis

240 1554 299 1614 sub
323 1552 457 1613 silencio
482 1571 556 1633 sepe
581 1565 611 1612 et
636 1550 743 1631 sepius
767 1550 885 1612 furtive
910 1552 1098 1633 exportavit.

347 1661 423 1722 Item
450 1661 535 1721 idem
561 1658 661 1721 lassus
685 1673 741 1737 est,
767 1660 854 1740 quod
888 1661 927 1721 de
953 1660 1095 1742 predicta
1127 1660 1227 1721 domo
1252 1661 1355 1723 noctis
1379 1664 1439 1722 sub
1465 1664 1506 1724 si·

240 1768 345 1829 lencio
369 1786 425 1849 per
449 1767 591 1846 aliquam
610 1764 779 1826 fenestram
807 1766 956 1826 Intrando
973 1766 1098 1846 aliquas
1122 1766 1203 1828 sales
1221 1767 1252 1827 in
1278 1768 1396 1830 scrinio
1413 1788 1505 1851 repo·

240 1875 314 1935 sitas
339 1873 453 1935 furtive
479 1872 657 1953 exportavit
683 1873 713 1932 In
740 1891 888 1933 mensura
913 1885 1053 1953 quatuor
1075 1872 1182 1932 staria.

346 1979 422 2040 Item
450 1978 535 2039 idem
569 1976 669 2038 lassus
697 1993 753 2054 est,
788 1978 874 2058 quod
909 1978 982 2038 vina
1007 1992 1069 2038 tam
1105 1977 1237 2058 predicti
1264 1977 1383 2040 KeIecz
1407 1998 1506 2061 quam

241 2088 342 2148 eciam
365 2087 397 2146 in
423 2085 522 2146 domo
546 2085 623 2165 Jurg
649 2083 804 2145 carnificis
830 2085 931 2145 noctis
955 2086 1014 2144 sub
1032 2083 1166 2144 silencio
1191 2104 1264 2145 cum
1290 2084 1416 2166 magnis
1439 2105 1506 2146 am-

241 2193 350 2277 phoris
373 2211 446 2273 sepe
472 2205 502 2252 et
526 2191 633 2270 sepius
657 2189 771 2250 furtive
798 2189 985 2270 exportavit.

348 2298 424 2358 Item
451 2296 535 2356 idem
555 2295 655 2356 lassus
680 2310 736 2371 est,
761 2296 848 2375 quod
868 2296 898 2355 in
924 2295 1023 2355 domo
1042 2295 1208 2356 Michaelis
1226 2294 1415 2378 Oprasnych
1432 2315 1506 2357 cum

244 2405 402 2485 Gregorio
427 2403 588 2464 avunculo
611 2422 669 2462 suo
695 2402 797 2462 noctis
820 2403 879 2462 sub
902 2402 1035 2462 silencio
1061 2402 1092 2461 in
1117 2402 1249 2463 domum
1276 2402 1420 2464 eiusdem
1445 2403 1506 2464 Mi·

243 2511 362 2571 chaelis
388 2510 557 2570 intraverat
582 2507 710 2569 fornace
735 2508 907 2569 destructo.

348 2616 425 2676 Item
450 2615 525 2696 quia
551 2614 635 2674 idern
663 2613 825 2674 Iohannes
846 2613 1085 2674 Keleminchicz
1104 2615 1208 2694 prImo
1233 2628 1264 2675 et
1287 2614 1507 2696 principaliter

243 2725 273 2784 in
300 2723 467 2802 sacrilegio
493 2736 522 2781 et
549 2721 632 2781 furto
658 2720 824 2781 cuiusdam
852 2735 939 2801 parte
965 2721 1003 2780 dc
1022 2721 1126 2781 aureis
1150 2719 1211 2781 filis
1235 2736 1353 2783 textam
1379 2743 1415 2783 ac
1440 2743 1505 2784 cer·

243 2844 348 2891 torum
375 2829 650 2908 manutergiorum
677 2828 807 2888 ecclesie
827 2842 932 2888 nostre
958 2828 1150 2907 parochialis
1175 2829 1256 2888 beati
1277 2829 1374 2890 Marci
1400 2849 1505 2891 ewan-

243 2937 356 3017 geliste
382 2950 411 2996 et
437 2936 467 2995 in
493 2935 563 2995 aliis
587 2935 835 3014 quampluribus
852 2932 1016 2994 maleficiis
1041 2954 1076 2994 ac
1108 2932 1279 2994 Iurticiniis
1302 2955 1356 2996 ore
1374 2937 1505 3018 proprio

242 3056 305 3101 tam
333 3041 362 3099 in
390 3039 548 3120 supplicio
574 3055 638 3098 tam
664 3041 763 3099 eclam
785 3059 890 3099 coram
910 3054 1025 3100 cuncto
1043 3040 1165 3120 populo
1190 3041 1333 3101 eiusdem
1359 3041 1506 3121 civitatis,

242 3166 337 3227 quam
364 3147 464 3206 eciam
490 3165 562 3205 eum
589 3145 701 3204 vicinis
727 3159 756 3205 et
790 3146 902 3204 exteris
934 3146 1120 3206 hominibus
1152 3145 1252 3206 fassus
1277 3146 1347 3225 fuit,
1371 3149 1426 3228 qui
1453 3149 1505 3210 Jo-

243 3253 363 3312 hannes
387 3268 516 3332 propter
542 3251 725 3310 huiusmodi
744 3252 947 3330 sacrilequm
971 3252 1112 3332 predicte
1132 3252 1263 3313 ecclesie
1282 3272 1376 3334 super
1394 3256 1504 3315 ambas

243 3358 338 3419 facies
362 3377 433 3418 cum
461 3359 547 3417 clave
574 3358 716 3417 eiusdem
742 3358 874 3417 ecclesie
908 3359 1000 3437 igniri
1034 3358 1140 3434 debet,
1172 3359 1348 3419 secundum
1374 3374 1504 3442 propter

242 3466 302 3526 alia
330 3463 487 3524 iurticinia
514 3463 668 3524 ambabus
686 3463 836 3523 auriculis
862 3465 1001 3542 privetur
1027 3479 1056 3523 et
1074 3465 1112 3523 de
1131 3465 1257 3526 civitate
1283 3466 1397 3526 eteius
1414 3468 1503 3527 terri·

242 3571 324 3632 torio
351 3585 436 3629 extra
462 3571 639 3650 expellatur
664 3584 693 3629 et
711 3571 769 3629 sibi
796 3569 857 3646 jam
885 3570 1033 3631 introitus
1051 3571 1187 3630 civitatis
1206 3586 1235 3632 et
1260 3573 1328 3632 eius
1352 3573 1502 3634 territorii

242 3677 439 3760 prohibetur.

348 3784 425 3845 Item
451 3802 576 3841 causam
605 3783 684 3843 inter
718 3784 883 3843 dominam
915 3782 1109 3843 Dorotheum
1144 3798 1323 3844 consortem
1351 3784 1505 3845 Iohannis

243 3891 375 3971 PoIIyak
401 3905 430 3952 et
457 3888 654 3968 Stephanum
689 3890 846 3949 literatum
875 3889 977 3948 virum
1011 3890 1147 3949 condam
1174 3891 1305 3950 domine
1333 3891 1504 3952 KatherIne

243 3996 305 4057 filie
331 3997 467 4056 condam
487 3994 640 4056 Iohannis
660 3996 810 4055 Perouicz
836 3996 962 4055 racione
982 3996 1191 4075 possessionis
1209 3997 1351 4057 eiusdem
1372 3998 1504 4058 domine

244 4102 415 4161 Katherine
449 4102 584 4161 condam
618 4103 773 4161 consortis
805 4120 878 4177 sue,
911 4103 1002 4179 jurati
1036 4102 1299 4175 adjudIcaverunt
1332 4119 1361 4162 et
1391 4102 1504 4164 confir·

244 4222 331 4268 mant
356 4208 461 4266 literas
488 4209 569 4287 ipsas
593 4227 672 4288 quas
698 4207 780 4266 idem
815 4208 995 4288 Stephanus
1020 4229 1125 4269 coram
1154 4210 1245 4269 nobis
1270 4211 1413 4271 exhibuit
1444 4213 1503 4272 sub

242 4313 355 4392 sigillis
372 4313 514 4372 eiusdem
534 4314 668 4375 civitatis
685 4311 862 4386 conlectas3
882 4315 1004 4376 literam
1025 4336 1099 4375 vero
1118 4317 1211 4376 aliam
1238 4336 1332 4396 super
1353 4317 1499 4398 papIrum

243 4417 421 4481 consectam
449 4419 540 4495 jurati
567 4439 624 4499 pro
650 4440 714 4480 uno
739 4420 925 4480 testimonio
950 4436 1059 4482 tenent
1084 4437 1113 4481 et
1139 4437 1275 4483 servant.

348 4523 423 4583 Item
450 4543 575 4584 causam
603 4525 702 4606 ipsam
722 4527 802 4586 inter
828 4525 926 4604 ipsam
947 4527 1142 4587 Dorotheam
1162 4543 1191 4589 et
1217 4528 1414 4610 Stephanum
1434 4531 1503 4592 Iite·

243 4645 345 4692 ratum
372 4649 426 4711 per
452 4631 569 4706 juratos
594 4632 821 4709 adjudicatam,
854 4631 938 4692 idem
974 4631 1104 4692 domina
1131 4633 1293 4695 Dorothca
1319 4637 1358 4696 de
1384 4636 1503 4712 judIcio

244 4736 418 4817 juratorum
438 4755 501 4796 non
527 4751 675 4798 contenta
696 4738 795 4819 ipsam
815 4757 940 4799 eausam
965 4738 1004 4799 ad
1022 4738 1164 4799 seniores
1181 4740 1302 4818 judices
1319 4743 1502 4825 appellavit.
