3488 5272
239 309 303 370 344
501 370 504 376 ,
611 292 698 348 Amw
721 286 815 367 1469.
840 324 881 332 —
904 303 952 365 13.
969 290 1121 365 januarii.

238 502 381 582 proxima
407 515 478 582 post
503 500 617 562 festum
655 502 737 562 beati
771 502 896 564 Nicolai
929 503 1032 582 iurare
1064 501 1225 562 tenebitur
1258 501 1289 562 in
1314 521 1366 562 ara
1398 513 1505 562 sancte

240 609 353 671 Crucis
384 608 556 687 solusmet,
588 607 675 688 quod
709 608 775 689 ipse
808 629 871 670 non
905 609 1051 692 promisit
1090 610 1194 690 ipsum
1227 608 1411 670 damascum
1445 607 1504 690 ipsi

240 715 342 776 Paulo
372 714 438 777 Lab
456 716 592 790 solvere,
610 734 669 776 nec
694 715 760 796 ipse
778 715 940 779 lohannes
964 714 1137 797 Perowych
1163 714 1203 775 ad
1229 715 1389 776 racionem
1414 734 1504 777 suam

238 841 255 882 a
281 820 414 882 domino
444 822 528 881 bano
552 821 670 903 recepit
694 840 752 882 nec
776 822 815 881 ad
851 821 1012 882 racionem
1045 820 1133 883 dedit
1158 820 1217 901 ipsi
1249 819 1383 880 domino
1408 821 1504 898 bano,

239 947 297 988 nec
322 927 529 1008 computavit.

346 1034 423 1096 Item
449 1053 577 1095 causam
611 1034 692 1093 inter
718 1033 907 1095 Michaelem
941 1032 1111 1115 pellificem
1138 1046 1168 1093 et
1200 1032 1280 1093 inter
1308 1033 1425 1093 Lucam
1451 1052 1503 1093 su·

237 1155 339 1202 torem
365 1140 492 1201 racione
525 1139 733 1218 allegacionis
766 1139 870 1220 ipsum
905 1139 1096 1200 Michaelem
1129 1136 1206 1200 false
1239 1137 1357 1217 jurasse
1390 1151 1500 1200 contra

238 1247 353 1327 ipsum,
385 1244 473 1326 quod
498 1246 565 1327 ipse
596 1265 629 1306 se
663 1245 745 1307 velle
780 1246 881 1306 Lucas
914 1245 1052 1322 dicebat,
1087 1259 1117 1306 et
1149 1244 1224 1325 quia
1251 1244 1317 1325 ipse
1343 1245 1446 1305 Lucas
1471 1244 1502 1305 id

238 1365 345 1413 contra
371 1351 476 1433 ipsum
502 1351 693 1413 Michaelem
726 1352 937 1432 comprobare
962 1371 1025 1412 non
1060 1351 1175 1431 potuit,
1207 1370 1282 1431 ergo
1309 1351 1375 1431 ipse
1403 1351 1506 1412 Lucas

238 1457 404 1520 convictus
428 1472 474 1518 est
498 1473 608 1519 contra
634 1457 737 1538 ipsum
765 1457 955 1518 Michaelem
981 1457 1012 1517 in
1038 1457 1111 1518 vivo
1137 1456 1298 1536 homagio,

345 1564 420 1624 ltem
447 1583 574 1624 causam
599 1564 681 1624 inter
707 1564 819 1645 Elyam
852 1562 991 1624 lusorem
1025 1583 1264 1645 campanarum,
1289 1578 1322 1623 ut
1347 1578 1499 1641 actorem,

237 1684 268 1732 et
294 1671 374 1731 inter
398 1684 589 1731 executores
613 1668 749 1730 condam
784 1670 880 1730 Blasii
907 1668 1156 1751 Chudawchych
1183 1669 1311 1730 racione
1336 1669 1503 1730 cuiusdam

239 1777 349 1856 debiti,
373 1797 438 1858 quo
464 1777 530 1858 ipse
556 1776 652 1858 Elyas
677 1775 782 1837 eidem
808 1777 944 1837 condam
972 1777 1078 1837 Blasio
1109 1777 1323 1856 obligabatur,
1349 1790 1379 1837 et
1403 1776 1504 1836 eciam

238 1882 325 1964 quod
353 1882 417 1964 ipse
452 1883 575 1942 Blasius
599 1881 704 1943 eidem
738 1883 910 1943 remisisset
943 1881 982 1943 de
1015 1882 1092 1964 ipsis
1123 1882 1240 1943 debitis
1265 1882 1409 1963 quinque
1435 1881 1503 1944 flor.

239 1989 297 2069 ipsi
323 2003 507 2050 executores
532 1986 609 2050 feria
634 2003 721 2049 sexta
746 1989 890 2069 proxima
916 2003 987 2070 post
1005 1987 1119 2049 festum
1146 1989 1230 2049 beati
1258 1988 1381 2049 Nicolai
1399 1987 1504 2067 jurare

237 2095 441 2171 tenebuntur,
466 2093 554 2175 quod
580 2095 646 2175 ipse
679 2093 804 2155 Blasius
835 2094 940 2155 eidem
976 2095 1074 2155 nichil
1100 2094 1172 2176 plus
1205 2095 1263 2154 nisi
1289 2108 1445 2175 quantum
1473 2095 1503 2155 in

239 2213 431 2261 testamento
449 2201 632 2262 continetur
656 2200 731 2261 dare
750 2201 957 2282 promisisset,
975 2221 1034 2262 nec
1051 2201 1198 2281 legasset,
1223 2200 1299 2280 quia
1324 2201 1390 2282 ipse
1409 2201 1505 2282 Elyas

239 2326 334 2388 super
359 2307 444 2387 ipsos
469 2320 654 2368 executores
678 2306 810 2368 conlidit
836 2307 940 2388 ipsum
966 2307 1192 2386 juramentum.

346 2413 423 2474 ltem
447 2414 522 2493 quia
556 2413 641 2474 Dora
674 2413 790 2474 mulier
822 2413 990 2474 habitatrix
1016 2413 1100 2474 dicte
1132 2413 1267 2474 civitatis
1301 2414 1332 2474 in
1358 2413 1505 2494 pluribus

238 2520 304 2581 suis
328 2519 493 2581 maleficiis
517 2519 709 2602 reprehensa
734 2517 792 2581 luit
817 2540 852 2581 ac
878 2520 908 2580 in
935 2519 1019 2581 furtu
1037 2521 1250 2601 quarumdam
1277 2521 1503 2602 peccuniarum

238 2647 255 2686 a
281 2625 414 2686 domino
440 2627 560 2687 Jacobo
586 2626 705 2708 Tywer
729 2627 886 2687 canonico
912 2624 1028 2687 furtive
1046 2640 1256 2708 receptarum,
1281 2626 1374 2706 jurati
1400 2628 1505 2689 taliter

239 2731 473 2811 adjudicarunt,
497 2732 584 2813 quod
611 2733 676 2814 ipsa
702 2732 840 2793 debebat
864 2732 903 2793 de
928 2733 994 2813 ipsa
1017 2733 1143 2794 civitate
1168 2734 1302 2814 turpiter
1327 2734 1442 2815 expelli
1470 2746 1500 2795 et

240 2859 405 2919 nunquam
431 2840 469 2899 ad
502 2839 696 2900 territorium
730 2840 812 2900 dicte
838 2840 973 2901 civitatis
1006 2841 1099 2901 etad
1129 2841 1229 2921 ipsam
1263 2842 1424 2903 civitatem
1455 2842 1501 2902 in·

238 2958 339 3020 trare;
364 2959 394 3006 et
419 2945 493 3025 quia
517 2946 556 3005 ad
582 2946 774 3026 peticionem
801 2946 1041 3027 quamplurium
1060 2948 1177 3008 civium
1197 2947 1279 3007 dicte
1305 2948 1440 3009 civitatis
1457 2963 1504 3010 est

238 3052 342 3114 eidem
369 3052 586 3112 misericordia
619 3051 698 3112 lacta
724 3072 779 3132 per
812 3072 880 3130 uos,
912 3054 1000 3133 quod
1034 3073 1096 3112 non
1131 3053 1245 3114 debeat
1277 3055 1436 3135 expercuti
1463 3054 1503 3115 de

240 3160 306 3240 ipsa
332 3159 460 3218 civitate
492 3159 547 3218 sed
574 3158 672 3218 libere
706 3159 800 3235 exire,
834 3172 864 3219 et
888 3159 912 3218 si
947 3159 984 3218 de
1011 3175 1116 3220 cetero
1149 3160 1188 3219 ad
1215 3161 1314 3241 ipsam
1341 3160 1502 3222 civitatem

238 3265 372 3341 venerit,
397 3280 511 3325 extunc
536 3284 651 3345 penam
679 3285 774 3344 quam
800 3265 957 3325 demeruit
983 3267 1141 3346 punietur.

239 3429 335 3503 Faria
365 3443 462 3503 sexta
492 3439 644 3521 proxima
689 3442 763 3521 post
793 3433 914 3505 festum
953 3433 1041 3504 beati
1072 3435 1166 3504 Pauli
1198 3434 1294 3522 primi
1327 3435 1503 3516 Heremite‚

546 3559 585 3627 de
614 3577 698 3626 anno
729 3557 856 3627 Domini
888 3557 1065 3629 ucccttx
1096 3578 1190 3628 nono.

642 3693 705 3770 (15.
722 3696 872 3768 januarii,
896 3714 964 3753 uma
993 3694 1100 3771 1469).

346 3816 421 3876 ltem
448 3816 521 3894 quia
548 3816 681 3895 provida
706 3815 837 3876 domina
857 3817 1069 3877 Wladizlawa
1096 3833 1196 3879 mater
1214 3819 1349 3879 condam
1377 3819 1503 3899 providi

241 3923 299 3982 viri
327 3921 435 3981 lacobi
454 3922 582 3980 sartoris
616 3922 694 3981 olim
714 3921 935 3983 inhabitatoris
960 3923 1043 3984 dicte
1061 3925 1206 4001 civitatis,
1226 3945 1282 4004 pro
1309 3925 1371 3984 illis
1389 3925 1501 3987 decem

241 4029 309 4089 flor.
335 4028 401 4088 auri
427 4048 509 4108 quos
534 4028 692 4107 legaverat
718 4029 822 4089 eidem
850 4030 1042 4107 Wladizlae,
1075 4050 1156 4111 quos
1182 4031 1307 4111 providi
1334 4032 1390 4091 viri
1419 4033 1502 4092 lvlar·

242 4135 326 4195 tinus
361 4149 390 4194 et
425 4134 608 4193 llntlronius
641 4135 782 4194 seniores
817 4136 936 4209 judices
968 4151 1152 4198 executores
1185 4137 1327 4198 eiusdem
1361 4138 1500 4198 condam

239 4241 347 4301 iacobi
373 4242 501 4300 sartoris
528 4240 610 4300 lu’an
637 4239 702 4299 lilio
736 4241 878 4301 eiusdem
913 4243 1125 4303 Wladizlatve
1159 4244 1366 4319 tradiderant,
1392 4263 1499 4304 coram

239 4348 332 4407 nobis
357 4348 574 4428 comparendo
600 4346 728 4407 eosdem
756 4362 940 4408 executores
970 4351 1076 4429 quitos
1101 4366 1130 4410 et
1154 4351 1320 4431 expeditos
1346 4350 1502 4426 reddidit3

239 4468 269 4514 et
294 4453 353 4513 hoc
380 4454 465 4514 idem
501 4453 583 4513 livan
617 4451 716 4512 lassus
741 4468 796 4529 est,
829 4455 915 4533 quod
950 4455 1016 4534 ipse
1050 4457 1167 4536 recepit
1200 4457 1385 4537 porcionem
1411 4476 1501 4516 suam

240 4579 297 4619 nec
323 4579 386 4618 non
412 4557 516 4620 fratris
541 4574 571 4618 et
588 4559 706 4619 sororis
722 4578 865 4631 suorum,
892 4560 978 4639 quod
1001 4561 1059 4641 ipsi
1079 4563 1236 4622 Martinus
1265 4576 1295 4622 et
1320 4561 1503 4621 Anthonius

239 4665 361 4743 judices
379 4681 562 4726 executores
587 4666 729 4726 eiusdem
755 4666 892 4725 condam
913 4666 1021 4727 lacobi
1047 4668 1175 4727 sartoris
1200 4667 1303 4727 eidem
1325 4667 1407 4727 ltvan
1433 4666 1500 4748 ple-

240 4773 327 4833 narie
353 4772 600 4834 extradederunt
625 4785 782 4852 quantum
807 4773 852 4834 eis
876 4772 1047 4852 legaverat.
