3488 5272
276 377 338 420 210
639 360 724 416 Anno
746 355 836 434 1461.
862 390 902 400 —
927 370 977 418 20.
1002 357 1175 416 novembris.

275 584 359 632 sexta
377 571 521 652 proxime
537 583 669 631 ventura
684 568 922 650 (juramentum)
941 571 972 631 in
990 589 1042 629 ara
1056 582 1163 629 sancte
1181 567 1294 629 Crucis
1311 583 1449 649 prestare
1467 567 1536 648 (de-

277 677 363 757 bent)
380 676 467 757 quod
493 676 525 737 iu
542 675 768 757 deperdicione
786 675 883 756 ipsius
909 676 983 758 palii
1002 677 1188 737 innocentes
1206 689 1310 735 essent
1327 690 1357 736 et
1375 675 1533 737 inmunes.

380 782 456 843 Item
483 781 620 844 Cristine
646 781 754 842 relicte
786 783 922 842 condam
949 783 1050 843 lanko
1076 781 1236 862 arcuparis
1261 781 1354 842 datus
1378 779 1438 841 fuit
1469 793 1532 842 ter·

275 889 382 949 minus
407 887 483 949 feria
508 902 594 949 sexta
619 888 764 969 proxima
788 902 861 948 ante
892 886 1006 949 festum
1033 888 1214 949 Nativitatis
1239 887 1370 967 virginis
1394 887 1535 968 gloriose

274 995 305 1054 in
330 993 450 1073 judicio
475 1013 583 1055 coram
609 994 702 1055 nobis
727 994 933 1074 comparendi
952 1010 1061 1055 contra
1087 992 1187 1054 lilium
1207 993 1349 1054 eiusdem
1369 992 1534 1071 lankonis,

273 1113 305 1161 et
328 1101 403 1181 quia
437 1101 502 1182 ipsa
528 1121 592 1162 non
626 1101 816 1181 comparuit,
842 1101 915 1161 ideo
949 1100 1154 1161 commissum
1190 1113 1236 1161 est
1269 1100 1479 1181 proclamare,
1504 1112 1538 1160 ut

273 1207 297 1266 si
324 1206 390 1288 ipsa
415 1207 481 1267 sola
507 1208 635 1288 propria
660 1207 692 1266 in
718 1226 852 1288 persona
878 1205 928 1267 hic
954 1220 1035 1267 esset
1059 1221 1113 1266 aut
1137 1207 1162 1267 si
1187 1206 1305 1286 aliquis
1330 1206 1398 1267 eius
1423 1225 1481 1287 pro
1499 1225 1536 1266 ea

277 1328 463 1395 procurator
487 1314 678 1395 responsalis
702 1329 793 1392 esset,
822 1328 936 1374 extunc
970 1314 1071 1395 prima
1096 1314 1148 1374 die
1181 1312 1316 1390 juridica
1341 1326 1536 1393 compareat,

274 1420 417 1500 alioquin
444 1440 480 1479 ex
506 1434 594 1501 parte
619 1420 761 1480 eiusdem
788 1420 847 1500 ipsi
880 1420 1062 1500 querulanti
1088 1419 1210 1498 justicia
1238 1419 1479 1480 ministrabitur.

353 1652 448 1726 Faria
477 1666 577 1726 sexta
605 1658 757 1744 proxima
787 1663 865 1726 ante
893 1655 1016 1725 festum
1046 1657 1134 1725 beati
1165 1653 1341 1724 Clementis
1371 1673 1464 1742 pape.

765 1806 831 1886 (20.
856 1806 1043 1877 novembris).

383 1948 460 2009 ltem
483 1947 610 2030 providi
636 1948 695 2009 viri
721 1948 913 2009 Valentinus
937 1947 1022 2009 filius
1047 1947 1223 2025 Michaelis,
1246 1947 1354 2008 senior
1377 1947 1482 2027 judex,
1508 1960 1538 2008 et

278 2055 443 2116 Emericus
475 2055 600 2116 villicus
632 2055 672 2115 de
705 2054 953 2137 Nowachychan
989 2055 1020 2115 id
1046 2074 1116 2116 cum
1150 2053 1320 2116 sufficienti
1353 2053 1537 2114 testimonio
1631 2141 1636 2147 .

276 2161 470 2239 docuissent,
495 2162 582 2242 quod
601 2162 733 2242 provida
752 2163 890 2223 condam
909 2162 1026 2223 mulier
1047 2162 1248 2242 Margaretha
1274 2161 1382 2222 relicta
1400 2161 1535 2221 condam

278 2268 432 2329 iohannis
457 2268 588 2328 Turchlr
614 2268 701 2345 dicti,
726 2269 868 2329 concivis
892 2283 1009 2345 nostra,
1028 2269 1136 2329 omnia
1161 2269 1244 2328 bona
1269 2288 1323 2328 sua
1349 2266 1482 2327 mobilia
1507 2279 1537 2326 et

276 2374 442 2435 inmobilia
471 2375 501 2435 in
527 2374 610 2434 dicta
637 2375 762 2435 civitate
787 2389 818 2436 et
846 2375 914 2435 eius
946 2375 1108 2435 territorio
1134 2374 1252 2451 habita,
1276 2389 1441 2453 tamquam
1466 2391 1536 2432 exe-

276 2481 441 2541 cutoribus
465 2482 529 2541 suis
554 2481 649 2541 vendi
676 2483 886 2542 commisisset
919 2497 949 2542 et
971 2501 1029 2563 pro
1062 2481 1167 2542 anima
1193 2500 1248 2541 sua
1282 2480 1411 2561 exponi,
1443 2495 1538 2560 prout

276 2586 338 2647 hoc
363 2588 394 2647 in
418 2602 609 2648 testamento
635 2587 778 2647 eiusdem
805 2588 942 2649 condam
973 2587 1173 2667 Margarethe
1199 2587 1338 2647 vidimus
1363 2585 1538 2660 contineri3

276 2692 350 2754 ideo
375 2691 516 2774 prefatus
541 2693 731 2753 Valentinus
755 2693 850 2773 judex
869 2708 898 2754 et
923 2694 1064 2754 concivis
1089 2707 1196 2754 noster
1212 2693 1345 2754 domum
1371 2712 1427 2753 seu
1444 2692 1536 2753 civile

276 2798 419 2859 eiusdem
445 2799 582 2859 condam
609 2799 809 2878 Margarethe
833 2800 863 2859 in
889 2799 972 2860 dicta
990 2800 1117 2860 civitate
1142 2798 1286 2860 habitum
1312 2799 1447 2879 provido
1469 2799 1537 2858 viro

276 2904 417 2984 Georgio
443 2903 509 2965 filio
536 2904 625 2964 l'auli
653 2905 857 2965 inhabitatori
883 2906 966 2966 dicte
990 2906 1127 2965 civitatis
1147 2906 1248 2965 tribus
1273 2920 1302 2965 et
1328 2905 1436 2966 medio
1462 2905 1534 2965 llor.

275 3011 343 3070 auri
370 3011 564 3070 vendidisset
581 3025 735 3091 perpetuo
754 3011 982 3092 possidendum
1002 3031 1036 3071 ac
1061 3012 1368 3092 quomodocumque
1398 3012 1537 3071 voluerit

275 3116 512 3196 disponendum
539 3117 569 3175 in
595 3117 727 3176 heredes
752 3117 906 3178 heredum
933 3117 1174 3199 possidendum.

382 3222 458 3282 ltem
484 3243 611 3283 causam
638 3225 718 3284 inter
743 3224 905 3284 Thomam
938 3225 1075 3303 juratum
1101 3239 1130 3283 et
1156 3224 1346 3305 Dyonisium
1372 3237 1538 3300 sartorem,

276 3328 370 3403 cives,
388 3328 540 3403 habitam,
559 3344 588 3389 et
606 3330 679 3409 quia
695 3331 761 3410 ipse
780 3330 925 3390 Thomas
939 3331 1058 3405 juratus
1075 3331 1176 3410 ipsam
1194 3349 1320 3390 causam
1339 3330 1377 3389 ad
1396 3330 1535 3411 primum

275 3433 429 3511 judicium
455 3455 625 3515 prorogare
652 3437 835 3516 postulavit.

383 3541 458 3600 ltem
485 3543 617 3622 provida
644 3542 759 3602 mulier
784 3543 884 3602 lilena
910 3543 1017 3604 relicta
1048 3544 1184 3603 condam
1205 3543 1362 3623 Saykonis
1386 3540 1536 3622 lutihguli

275 3647 510 3726 querimoniam
536 3664 645 3708 contra
664 3650 834 3729 providum
853 3651 956 3709 virum
980 3651 1179 3710 Anthonium
1197 3664 1349 3725 sutorem,
1374 3650 1533 3711 seniorem

277 3753 413 3830 juratum
451 3756 616 3814 concivem
643 3771 797 3827 nostrum,
831 3774 1022 3835 porrexerat,
1055 3757 1143 3836 quod
1178 3758 1243 3837 ipsc
1278 3756 1383 3817 eidem
1407 3757 1534 3817 vineam

277 3859 307 3918 in
334 3860 492 3920 territorio
528 3876 636 3920 nostro
669 3862 822 3937 habitam,
855 3863 962 3943 elapso
997 3883 1060 3922 uno
1086 3883 1169 3922 anno
1203 3862 1307 3924 eidem
1340 3863 1471 3922 reddere
1506 3877 1535 3922 et

276 3966 441 4025 restituere
467 3967 661 4045 promisisset
695 3969 733 4027 ad
766 3970 852 4047 quod
888 3970 953 4048 ipsa
987 3969 1115 4028 haberet
1148 3984 1251 4044 testes,
1284 3969 1334 4028 cui
1361 3969 1452 4029 datus
1476 3966 1536 4029 fuit

276 4072 430 4130 terminus
455 4074 623 4150 probandi,
649 4074 702 4151 qui
738 4089 832 4132 testes
867 4076 965 4154 ipsam
993 4076 1021 4133 in
1057 4074 1240 4134 huiusmodi
1267 4074 1536 4155 comprobacione

276 4175 470 4236 dimisissent
507 4179 579 4256 quia
608 4180 671 4258 ipse
700 4180 881 4239 :lnthouius
907 4180 1025 4253 juratus
1059 4182 1158 4259 ipsam
1184 4181 1310 4240 vineam
1337 4180 1441 4241 eidem
1467 4179 1536 4240 red-

276 4282 350 4341 dere
377 4302 439 4341 nou
474 4284 680 4362 promisisset,
705 4286 759 4343 sed
793 4286 927 4345 eandem
954 4288 1057 4346 eidem
1092 4307 1146 4366 per
1178 4287 1286 4346 omnia
1312 4286 1535 4366 persolvisset;

276 4406 338 4466 que
365 4388 402 4445 dc
438 4387 621 4447 huiusmmli
658 4391 790 4450 testibus
824 4412 886 4451 iton
921 4408 1068 4451 cutttenta
1103 4394 1241 4453 eundem
1271 4394 1471 4454 Anthonium
1497 4393 1536 4453 ad

276 4491 378 4552 forum
412 4495 574 4574 spirituale
609 4497 757 4556 videlicet
791 4498 897 4557 vicarii
931 4499 1145 4577 aagrabieusis
1170 4500 1305 4575 citasset,
1334 4519 1396 4580 que
1431 4500 1530 4560 eciam

277 4599 396 4659 ibidem
423 4600 452 4659 id
479 4605 688 4682 comprobare
716 4624 778 4662 iton
807 4604 919 4682 potuit.

382 4706 457 4767 ltern
486 4709 651 4789 Philippus
685 4727 773 4771 sutor
801 4712 913 4792 lludey
940 4714 1012 4772 bina
1049 4715 1114 4773 vice
1140 4730 1248 4774 cotttra
1274 4714 1453 4775 lohanncm
1486 4733 1537 4774 su·

276 4827 376 4874 torem
403 4834 554 4893 magnum
581 4818 693 4876 citatus
719 4819 748 4877 in
776 4818 895 4895 iudicio
913 4839 1019 4879 coram
1046 4821 1139 4880 nobis
1164 4840 1228 4881 non
1254 4823 1445 4901 comparuit.
