3488 5272
548 280 749 360 Anno1476.
775 316 816 326 —
841 297 888 343 12.
913 283 1084 344 novembris.
1401 306 1465 367 453

311 493 387 555 ltem
414 492 560 555 Thomas
585 486 802 576 carpentarius
837 510 945 556 contra
979 495 1121 556 relictam
1149 497 1337 579 Bedekoycz
1363 500 1466 579 primo

202 602 317 664 citatus
341 621 404 662 non
431 603 619 683 comparuit.

310 708 388 769 ltem
414 708 445 769 in
479 728 572 770 causa
598 709 678 769 inter
712 708 906 791 Dyonisium
941 708 1104 790 Wodopia
1138 723 1170 770 et
1193 710 1399 770 Valentinum
1425 712 1464 771 de

199 815 354 892 abbacia,
378 834 476 897 quem
502 815 533 876 in
558 813 715 894 judicium
734 814 819 875 idem
845 814 1010 897 Wodopia
1028 815 1179 877 citaverat
1201 816 1350 878 videlicet
1367 832 1464 893 actor,

198 922 252 1003 qui
278 940 383 1003 neque
409 921 497 982 venit
520 941 579 982 nec
609 922 681 982 loco
705 921 753 982 sui
787 921 928 1001 aliquem
954 922 1050 999 misit,
1084 923 1138 983 ubi
1164 922 1248 983 idem
1276 923 1464 984 Valentinus

199 1027 230 1089 in
255 1026 376 1109 judicio
400 1042 635 1109 comparuerat.

304 1133 381 1195 ltem
409 1132 546 1194 Michael
572 1133 715 1195 literatus
737 1132 821 1193 filius
846 1132 1035 1216 Oprasnycz
1053 1134 1176 1196 inhibet
1201 1134 1284 1196 bona
1309 1138 1408 1217 patris
1432 1153 1461 1197 et

197 1241 308 1301 matris
331 1259 386 1301 sue
412 1259 474 1321 que
499 1241 619 1322 recepit
644 1241 726 1301 lwan
761 1255 860 1317 sutor,
886 1240 952 1322 ipsa
986 1243 1025 1302 ab
1052 1242 1121 1323 ipso
1147 1241 1229 1302 ltvan
1255 1257 1362 1304 sutore
1387 1244 1461 1322 juri-

196 1346 265 1408 dice
291 1346 516 1429 perquirenda.

303 1452 381 1514 ltem
406 1472 533 1514 causam
560 1453 642 1514 inter
659 1454 827 1514 Jalsiczam
853 1455 1033 1537 privignam
1052 1454 1205 1536 Stephani
1224 1456 1311 1537 longi
1332 1471 1462 1538 propter

196 1559 360 1642 quandam
386 1560 519 1621 domum
553 1580 648 1642 super
682 1579 779 1641 quarn
812 1561 918 1622 literas
951 1560 1158 1622 hereditarias
1189 1563 1248 1622 sibi
1274 1582 1369 1644 super
1394 1563 1459 1643 ipsa

196 1665 439 1748 privilegialiter
463 1680 626 1727 emanatas
652 1666 717 1747 ipsa
735 1667 886 1748 produxit
911 1666 1091 1746 injudicio,
1116 1667 1208 1746 jurati
1234 1683 1264 1729 et
1288 1682 1353 1729 tota
1371 1688 1458 1728 com-

195 1773 336 1833 munitas
353 1772 616 1851 adjudicaverunt
634 1772 767 1833 domum
786 1774 845 1833 sibi
864 1774 996 1834 liberam
1015 1774 1082 1834 sine
1101 1774 1187 1834 nulla
1203 1775 1369 1835 solucione
1387 1787 1457 1836 taxe

195 1877 321 1959 regalis,
346 1879 420 1959 quia
447 1878 513 1960 ipsa
547 1878 601 1939 ubi
635 1880 809 1959 permansit
842 1880 907 1960 ipsa
940 1880 1091 1961 persolvit
1124 1894 1241 1958 taxant,
1274 1899 1357 1941 nunc
1383 1901 1458 1941 vero

193 1981 307 2045 Gallus
332 1983 451 2063 juratus
475 1984 592 2045 habere
618 1985 745 2045 volebat
768 1999 873 2046 raxam
899 1986 938 2045 ab
957 1986 1023 2066 ipsa
1048 1986 1158 2064 domn,
1183 1987 1397 2046 communitas
1423 2001 1453 2049 et

191 2089 284 2170 jurati
309 2091 529 2170 decreverunt,
553 2091 640 2172 quod
663 2112 699 2151 ex
724 2093 817 2152 bonis
849 2093 955 2153 relicte
990 2092 1166 2154 Mithkolen
1202 2093 1295 2170 jurati
1330 2093 1453 2174 persol-

195 2211 270 2258 vant
294 2211 398 2258 raxam
432 2198 545 2279 ipsam,
577 2197 652 2277 quia
686 2197 752 2279 ipsa
785 2212 860 2259 tunc
893 2199 1067 2279 permansit
1097 2199 1126 2259 in
1154 2199 1219 2280 ipsa
1253 2199 1370 2273 domo;
1401 2197 1455 2258 sed

196 2302 329 2364 Jalsicza
346 2317 393 2365 est
417 2304 569 2365 eliberata
595 2305 634 2365 ab
653 2304 717 2385 ipsa
742 2319 812 2365 taxa
836 2320 865 2366 et
890 2305 1007 2366 domus
1024 2320 1070 2367 est
1087 2307 1145 2366 sibi
1165 2306 1346 2386 adjudicata
1362 2326 1457 2386 super

193 2427 256 2490 qua
281 2409 349 2490 jura
375 2409 525 2491 produxit
550 2411 581 2470 in
607 2409 736 2488 judicio.

298 2515 377 2577 ltem
402 2516 564 2577 Fabianus
589 2535 716 2577 causam
741 2536 830 2578 suam
855 2537 929 2579 cum
955 2518 1072 2578 Kelecz
1097 2517 1199 2597 jurato
1224 2519 1398 2600 appellavit
1423 2519 1453 2578 in

192 2621 390 2703 presenciam
415 2622 578 2683 seniorum
604 2637 733 2704 propter
757 2622 1035 2703 adjudicacionem
1065 2626 1252 2704 juratorum,
1277 2644 1374 2705 quam
1399 2625 1452 2684 ad-

191 2725 410 2806 judicaverant
434 2729 522 2809 quod
548 2731 802 2811 comparuissent
826 2749 933 2791 coram
958 2731 1077 2791 vicario
1103 2731 1270 2812 spirituali.

297 2833 373 2896 Item
399 2835 512 2896 Vrsula
535 2854 614 2896 uxor
631 2835 809 2897 Clementis
826 2835 928 2917 jurare
946 2837 1077 2897 habebit
1101 2834 1176 2898 leria
1195 2838 1291 2898 tercia
1308 2837 1452 2919 proxime

190 2954 335 3019 ventura,
359 2941 390 3001 in
416 2960 468 3001 ara
493 2956 600 3002 sancte
626 2941 748 3019 Crucis,
782 2956 891 3003 contra
926 2943 1044 3003 lucam
1071 2942 1239 3025 ilibarycz‚
1264 2943 1352 3023 quod
1378 2942 1451 3003 Cle·

190 3065 280 3109 mens
305 3047 437 3109 maritus
460 3067 536 3109 suus
560 3048 719 3129 quosdam
744 3050 843 3110 boves
871 3069 936 3109 non
962 3048 1148 3110 vendiderat
1174 3069 1245 3109 cum
1271 3049 1350 3108 scitu
1375 3068 1451 3121 su0;

188 3165 221 3214 et
243 3152 320 3214 dum
346 3153 463 3233 jurabit
494 3154 628 3216 reddere
661 3168 805 3216 teneatur
843 3155 944 3216 Lucas
977 3156 1075 3215 boves
1106 3155 1165 3215 sibi
1191 3154 1303 3215 Visule
1329 3168 1359 3215 et
1385 3154 1451 3235 ipsa

188 3259 249 3321 sibi
274 3261 443 3342 pecuniam
470 3280 566 3342 quarn
591 3262 651 3322 sibi
678 3261 808 3322 dederat
832 3280 890 3342 pro
915 3263 1018 3323 bobus
1043 3261 1157 3322 marito
1181 3280 1250 3321 sun.

222 3477 319 3552 Feria
348 3483 453 3552 tercia
484 3484 636 3570 proxima
666 3490 740 3571 post
770 3482 891 3553 festum
921 3482 1010 3553 beati
1043 3479 1178 3551 Martini
1208 3479 1352 3570 episcopi
1381 3491 1413 3552 et

708 3604 920 3677 confessoris.

684 3761 744 3831 (12.
770 3759 948 3833 novembris).

292 3895 368 3957 Item
402 3916 495 3958 causa
528 3918 589 3979 que
623 3901 812 3960 movebatur
853 3898 934 3959 inter
965 3899 1230 3979 circumspectum
1269 3897 1446 3956 iohannem

186 4001 361 4085 Perowych
395 4005 434 4065 ab
467 4024 547 4080 una,
581 4021 614 4067 ut
645 4021 750 4066 actore
787 4004 965 4087 principali,
1002 4007 1041 4065 ab
1073 4006 1169 4065 altera
1207 4022 1281 4062 vero
1313 4003 1446 4063 circum·

184 4123 327 4190 spectum
346 4111 554 4172 Dominicum
574 4111 676 4174 hlium
694 4112 837 4173 eiusdem
856 4113 982 4173 racione
1002 4111 1215 4192 quorumdam
1235 4111 1446 4170 ducentorum

184 4229 215 4277 et
239 4216 473 4297 quinquaginta
499 4217 578 4295 flor,
604 4239 685 4299 quos
704 4219 788 4278 idem
816 4217 976 4278 lohannes
996 4217 1169 4299 l‘erowych
1195 4217 1255 4277 sibi
1274 4216 1446 4278 Dominico

185 4335 218 4382 ut
242 4323 401 4384 asserebat
435 4325 686 4400 accomodasset,
719 4325 773 4405 qui
806 4324 928 4386 seilicet
960 4324 1148 4384 Dominicus
1179 4343 1216 4382 ex
1241 4323 1374 4383 adverso
1399 4344 1445 4383 re-

183 4427 325 4510 spondit,
350 4429 437 4510 quod
464 4431 531 4512 ipse
548 4432 791 4510 prenominatus
816 4446 904 4512 pater
932 4450 1007 4490 suus
1025 4430 1110 4509 ipsos
1134 4430 1289 4491 ducentos
1306 4446 1336 4490 et
1353 4431 1445 4510 qtrin·

183 4534 337 4616 quaginta
362 4534 431 4597 flor.
463 4537 523 4597 sibi
557 4557 621 4597 non
655 4538 905 4613 accomodasset,
937 4537 993 4595 sed
1023 4536 1081 4596 sibi
1113 4537 1143 4596 in
1176 4553 1365 4617 perpetuum
1391 4539 1443 4597 de-

182 4638 291 4721 disset,
315 4655 346 4704 et
369 4661 465 4724 super
489 4642 550 4704 hoc
575 4642 660 4703 idem
680 4643 868 4704 Dominicus
892 4660 997 4702 coram
1021 4642 1114 4703 nobis
1138 4643 1200 4704 tale
1224 4643 1443 4704 testimonium

182 4745 345 4829 produxit,
369 4748 474 4831 primo
498 4748 663 4811 dominam
692 4748 898 4810 Katherinam
923 4747 1021 4809 liliam
1039 4749 1182 4810 eiusdem
1209 4750 1363 4810 iohannis
1387 4750 1443 4811 Ρο-
