3488 5272
242 318 259 360 2
266 320 305 380 50
644 299 731 357 Anno
754 293 848 376 1464.
873 330 913 341 -
935 310 968 372 9.
992 297 1100 359 martii.

243 511 403 592 Georgius
428 509 557 571 debebit
581 509 684 591 jurare
708 508 838 591 propria
863 509 894 569 in
920 527 1057 590 persona
1093 527 1157 570 non
1184 521 1316 590 propter
1340 506 1428 568 aliud
1446 505 1507 568 nisi

242 631 371 700 propter
395 617 640 679 molestationes
672 614 814 677 eiusdem
841 613 973 695 Georgii
998 613 1224 691 Jelowochicz,
1252 628 1283 676 et
1315 613 1340 674 si
1365 614 1432 695 ipse
1457 612 1506 694 ju·

241 723 334 802 rabit,
358 739 432 784 tunc
458 721 618 804 Georgius
641 720 855 783 Jelowochicz
878 721 982 782 solvet
1005 720 1147 803 precium
1173 720 1259 783 illius
1283 720 1370 781 anni.

348 830 424 890 Item
452 830 533 890 inter
556 828 724 889 dominum
759 828 940 889 Barnabam
972 841 1003 890 et
1027 826 1228 889 Anthonium
1263 826 1429 889 Termsicz
1453 826 1501 908 ju·

242 936 300 998 rati
325 949 580 1018 prorogaverunt
605 933 645 995 ad
671 933 811 1016 primum
836 933 991 1015 judicium
1015 933 1221 996 concordare.

347 1042 425 1104 Item
450 1041 542 1123 jurati
567 1039 833 1120 adjudicaverunt
857 1041 938 1101 inter
964 1038 1082 1101 Radlin
1108 1053 1139 1101 et
1163 1040 1338 1102 Martinum
1363 1039 1504 1120 judicent

240 1167 411 1230 supereo,
444 1161 477 1210 ut
501 1148 568 1230 ipse
602 1147 732 1209 debebit
760 1146 862 1226 jurare
894 1147 925 1207 in
960 1165 1013 1207 ara
1045 1161 1153 1208 sancte
1177 1145 1300 1225 Crucis,
1325 1145 1413 1227 quod
1438 1145 1507 1227 ipse

241 1274 306 1317 non
332 1253 462 1315 haberet
486 1253 593 1335 aliqua
618 1273 686 1332 jura
711 1253 854 1314 eiusdem
880 1252 1007 1314 Martini
1032 1252 1157 1333 judicis.

346 1360 423 1422 Item
450 1360 640 1422 Dominicus
671 1360 775 1442 primo
808 1360 921 1421 citatus
945 1372 1054 1421 contra
1088 1359 1241 1420 Mathiam
1274 1359 1396 1421 dictum
1421 1359 1502 1420 Ter·

239 1486 370 1549 gowecz
395 1487 459 1528 non
488 1467 677 1549 comparuit.

322 1703 417 1777 Feria
446 1714 543 1777 sexta
573 1709 726 1795 proxima
755 1715 833 1778 ante
870 1708 991 1778 festum
1030 1708 1119 1778 beati
1149 1705 1301 1794 Gregorii
1330 1724 1424 1794 pape.

778 1868 821 1936 (9.
846 1862 970 1934 martii).

347 1999 424 2062 Item
451 2000 607 2062 Martinus
631 2014 719 2061 sutor
745 2000 874 2083 Banych
905 2000 1007 2063 dictus
1032 2014 1141 2062 contra
1160 2001 1295 2063 Paulum
1322 2000 1436 2062 Werin
1453 2019 1504 2061 su·

239 2120 343 2168 torem
367 2108 473 2189 primo
498 2107 610 2168 citatus
635 2127 698 2168 non
724 2109 903 2190 comparuit
928 2108 958 2168 in
985 2108 1104 2187 judicio
1129 2127 1237 2168 coram
1262 2107 1366 2169 nobis.

347 2213 425 2275 item
450 2234 580 2276 causam
606 2215 687 2275 inter
703 2215 871 2277 donrinum
892 2216 1070 2277 Barnabanr
1096 2216 1306 2297 presbiterum
1331 2229 1362 2276 et
1379 2213 1502 2275 Antho-

240 2319 329 2380 nium
343 2320 542 2403 Thermsych
565 2322 691 2383 racione
706 2321 963 2402 disponsicioniS,
985 2322 1072 2402 quod
1091 2322 1158 2402 ipse
1175 2322 1327 2382 dominus
1340 2321 1503 2381 Barnabas

240 2427 439 2488 convenisset
453 2447 524 2488 cum
543 2428 658 2489 eodem
677 2428 842 2489 Anthonio
857 2428 944 2509 quod
960 2428 1026 2510 ipse
1043 2428 1142 2489 libere
1157 2428 1256 2509 possit
1273 2427 1426 2503 balneari,
1444 2446 1503 2509 pro

240 2550 305 2611 quo
330 2529 414 2593 facto
440 2533 506 2613 ipse
525 2533 706 2594 Anthonius
724 2532 924 2615 Thermsycb
950 2532 1052 2610 jurare
1070 2534 1230 2595 tenebitur
1248 2533 1279 2593 in
1306 2533 1407 2614 prima
1425 2530 1503 2594 feria

239 2651 326 2698 sexta
360 2651 431 2718 post
463 2653 607 2699 octavam
643 2638 761 2700 l'asche
794 2639 824 2699 in
858 2659 911 2699 ara
942 2653 1049 2700 sancte
1083 2638 1206 2716 Crucis,
1231 2639 1318 2720 quod
1345 2639 1411 2720 ipse
1438 2657 1503 2699 non

239 2744 400 2803 consensit
426 2744 456 2804 in
490 2745 555 2826 ipsa
588 2744 825 2826 disponsicione
851 2746 950 2826 ipsius
982 2745 1179 2822 balneatore,
1213 2759 1243 2807 et
1275 2744 1351 2806 dum
1376 2744 1503 2825 jurabit,

239 2862 314 2911 tunc
339 2849 442 2912 dictus
468 2851 629 2912 barnabas
653 2853 814 2913 tenebitur
840 2853 898 2933 ipsi
924 2852 1090 2914 Anthonio
1115 2852 1238 2913 solvere
1264 2872 1411 2935 proquo
1437 2852 1502 2912 bal·

240 2970 351 3017 neatus
375 2972 439 3031 est;
464 2957 531 3038 ipse
557 2977 632 3018 vero
656 2957 840 3019 Anthonius
872 2960 985 3020 subam
1012 2959 1069 3041 ipsi
1103 2959 1237 3019 domino
1263 2959 1408 3019 Barnabe
1433 2957 1503 3018 red·

239 3061 325 3139 dere,
356 3064 486 3144 ipseque
512 3064 663 3125 dominus
689 3065 849 3125 Bnrnabas
878 3066 965 3146 quod
990 3081 1185 3146 conquestus
1210 3081 1254 3127 est
1279 3065 1375 3144 judici
1402 3080 1431 3126 et
1455 3065 1501 3145 ju·

239 3168 314 3228 ratis
338 3167 591 3231 satisfaccionem
618 3171 822 3252 impendere3
848 3171 886 3231 de
919 3191 983 3253 quo
1018 3171 1137 3249 judicio
1163 3172 1228 3253 ipse
1253 3172 1404 3233 dominus
1427 3173 1501 3233 Bar·

239 3274 338 3334 nabas
363 3294 427 3335 non
452 3290 620 3338 contentus
644 3278 683 3338 ad
708 3278 851 3339 seniores
875 3278 1048 3359 appellavit
1073 3279 1204 3358 judices.

346 3381 422 3441 ltem
448 3402 575 3442 causam
603 3384 683 3443 inter
708 3383 872 3444 dominam
900 3384 1045 3446 Vrsuiam
1070 3386 1210 3446 relictam
1230 3385 1443 3446 Chnthkonis
1471 3400 1502 3447 et

239 3487 394 3548 Jacobum
421 3488 547 3548 racione
574 3490 769 3570 receptionis
792 3504 893 3571 porte,
916 3491 1053 3551 Jacobus
1077 3492 1261 3552 terciusmet
1286 3491 1389 3569 jurare
1415 3508 1500 3552 tene·

238 3594 322 3655 bitur
348 3596 377 3654 in
404 3615 456 3654 ura
481 3609 587 3655 sancte
607 3596 719 3656 Crucis
744 3595 821 3656 feria
846 3611 930 3656 sexta
950 3612 1020 3678 post
1045 3612 1189 3658 octavam
1215 3599 1331 3659 l‘asche
1359 3598 1500 3676 Domini,

238 3701 326 3782 quod
352 3702 418 3782 ipsa
444 3716 534 3782 porta
559 3698 617 3763 fuit
651 3717 774 3783 portatu
806 3723 862 3784 per
887 3704 1059 3764 drabnntos
1090 3704 1129 3763 ad
1155 3705 1288 3764 domum
1314 3724 1402 3764 suam
1428 3720 1500 3765 ante

238 3808 357 3869 exitum
383 3808 570 3868 eorumdem
597 3809 838 3887 ‹iralrantorum
858 3824 888 3870 et
913 3811 989 3870 dum
1009 3810 1135 3889 jurabit,
1160 3826 1234 3872 tunc
1261 3811 1392 3872 reddere
1410 3826 1497 3872 tene·

238 3914 323 3976 bitur
347 3914 481 3975 eandem
508 3931 632 3996 portani
658 3916 762 3975 eidem
788 3916 919 3977 domine
945 3918 1068 3979 Vrsulc.

344 4021 420 4081 Item
447 4021 538 4099 jurati
573 4021 838 4098 adjudicaverunt
871 4043 998 4084 causant
1032 4025 1113 4084 inter
1139 4023 1291 4085 Mathiant
1319 4024 1498 4107 Spilu'sych

238 4141 268 4187 et
292 4127 460 4187 dominum
496 4127 685 4204 Barnabam,
718 4128 806 4208 quod
840 4129 990 4189 dominus
1025 4130 1184 4190 Barnabas
1213 4131 1315 4208 jurare
1340 4132 1500 4192 tenebitur

238 4233 315 4295 feria
339 4249 424 4295 sexta
450 4250 521 4316 post
545 4249 690 4295 octavam
722 4235 839 4296 Pascite
857 4236 980 4297 domini
1008 4237 1038 4296 in
1058 4258 1108 4297 ara
1134 4252 1240 4298 sancte
1267 4238 1380 4299 Crucis
1396 4239 1497 4300 solus·

237 4355 313 4417 met,
337 4340 423 4421 quod
452 4342 517 4422 ipse
543 4342 641 4402 nichil
666 4341 827 4421 obligatur
861 4342 964 4403 eidem
993 4344 1122 4421 biatbie,
1148 4364 1205 4406 nec
1230 4345 1360 4425 aliquod
1387 4346 1497 4406 vinum

237 4466 292 4508 seu
318 4461 457 4508 mustum
483 4447 672 4510 conducere.

345 4554 421 4615 item
447 4574 573 4616 causam
599 4555 680 4616 inter
705 4555 894 4616 Michaelem
928 4556 1140 4618 baccalarium
1174 4572 1204 4618 et
1229 4558 1372 4618 Marcum
1397 4558 1497 4619 carni-

237 4658 329 4721 ficem
355 4658 580 4743 Gurakowycb
606 4662 733 4723 racione
767 4661 932 4724 cuiusdam
958 4663 1100 4724 mortarii
1127 4662 1230 4741 ferrei,
1255 4664 1347 4742 jurati
1373 4665 1496 4742 adjudi-

238 4780 401 4847 caverunt,
419 4767 507 4848 quod
525 4766 666 4850 prefatus
683 4766 821 4830 Michael
840 4768 1035 4829 baccalarius
1051 4765 1129 4831 feria
1153 4782 1239 4832 sexta
1257 4783 1328 4850 post
1352 4782 1496 4833 octavam
