3488 5272
648 376 734 432 Anno
757 374 849 452 1463.
876 411 915 420 —
941 391 991 437 22.
1015 377 1131 451 aprilis.
1459 398 1475 438 2
1482 399 1521 460 39

262 479 613 487 -----.--
630 482 760 489 ——
809 485 942 490 .-.-...--
964 486 1117 491 ——-——

257 584 296 645 de
321 604 387 665 quo
413 584 533 662 iudicio
559 587 625 668 ipse
652 587 814 647 Barnabas
838 608 901 648 non
921 602 1092 650 contentus
1116 590 1290 671 appellavit
1314 592 1353 651 ad
1379 592 1521 653 seniores

256 691 388 771 judices.

441 891 537 965 Feria
566 898 673 967 tercia
703 900 857 986 proxima
882 908 957 987 post
986 899 1154 971 Benedicti
1185 902 1328 972 abbatis.

780 1049 846 1129 (22.
871 1055 994 1125 rrrartri').

360 1189 439 1251 ltem
464 1190 609 1252 Thomas
633 1205 745 1269 sartor,
770 1193 876 1254 senior
894 1193 1024 1271 iuratus,
1050 1210 1157 1256 contra
1185 1196 1350 1256 Simonem
1376 1211 1517 1257 sutorem

255 1296 447 1357 secundario
472 1297 585 1359 citatus
610 1298 641 1358 in
666 1298 787 1377 judicio
812 1319 918 1360 coram
946 1301 1038 1361 nobis
1064 1321 1127 1362 non
1153 1302 1344 1384 comparuit.

664 1538 809 1608 Sabbato
838 1547 915 1627 post
943 1538 1106 1625 Gregorii.

780 1693 842 1766 (19.
867 1692 992 1769 martii).

360 1831 438 1892 ltem
463 1851 590 1892 causam
617 1832 698 1907 inter
722 1832 923 1893 Anthonium
950 1833 1107 1915 Chaykvn
1133 1834 1253 1895 dietum
1279 1849 1309 1894 et
1335 1834 1448 1895 Berlek
1466 1854 1517 1894 so·

256 1937 375 1999 rorium
401 1937 524 1998 domini
543 1939 716 2016 Ambrosii,
741 1940 906 2000 concivem
926 1958 1081 2017 nostrum,
1099 1959 1154 2020 per
1179 1940 1316 2001 eundem
1344 1940 1456 2001 Berlek
1475 1941 1514 2000 ad

254 2044 397 2105 seniores
421 2043 542 2121 judices
567 2045 761 2127 appellatam
787 2061 818 2108 et
842 2066 897 2127 per
921 2047 1041 2124 juratos
1071 2047 1175 2107 eidem
1201 2047 1366 2107 Anthonio
1391 2047 1516 2119 adjudi-

255 2164 370 2228 catam,
394 2152 538 2212 seniores
574 2151 695 2229 judices
725 2153 817 2214 sicuti
846 2153 938 2231 jurati
972 2153 1232 2231 adjudicaverant
1264 2156 1455 2214 roborarunt
1487 2169 1517 2215 et

253 2255 494 2334 confirmarunt,
520 2272 550 2318 et
574 2258 618 2318 sic
653 2259 718 2339 ipse
751 2258 865 2319 Berlelt
895 2273 940 2320 est
973 2260 1137 2321 convictus
1162 2274 1269 2319 contra
1303 2260 1444 2320 seniores
1470 2260 1515 2332 ju·

252 2360 337 2422 dices
362 2362 393 2422 in
418 2382 471 2423 sex
498 2365 604 2444 pensis
639 2364 843 2425 denariorum
877 2379 908 2426 et
941 2381 1050 2427 eontra
1084 2365 1203 2443 juratos
1229 2365 1258 2425 in
1286 2366 1385 2425 tribus
1410 2367 1516 2446 pensis

252 2467 468 2531 denariorum.

356 2594 432 2655 ltem
465 2596 540 2676 quia
565 2596 739 2678 Dyonisius
769 2597 860 2658 aliter
884 2597 976 2657 Janse
996 2597 1109 2672 dictus,
1134 2595 1216 2656 lilius
1247 2597 1407 2658 Benedicti
1435 2599 1511 2659 dicti

253 2699 406 2782 Kosarya‚
439 2702 477 2761 de
511 2701 588 2762 villa
621 2703 849 2784 Bysltvvpowcz
881 2723 980 2784 prope
1013 2703 1254 2779 ll'arasdinum,
1287 2704 1317 2762 in
1344 2702 1514 2763 manifesto

251 2804 335 2867 lurtu
360 2808 576 2887 quorumdam
595 2823 734 2888 quatuor
758 2812 856 2869 bourn
874 2824 903 2868 et
928 2810 1022 2869 unius
1040 2829 1150 2869 currus
1175 2823 1206 2869 et
1231 2825 1387 2869 certarum
1407 2830 1513 2870 rerum

250 2928 393 2994 repertus
424 2930 510 2975 esta
545 2929 641 2991 certo,
669 2929 763 2997 prout
796 2915 856 2976 hoc
890 2913 1007 2976 lurtum
1043 2916 1177 2995 ipsemet
1210 2916 1314 2992 lause,
1342 2916 1514 2997 Dvonisius

250 3019 363 3097 dictus,
388 3018 437 3080 fur
462 3021 588 3102 publice
615 3021 710 3081 hodie
735 3041 841 3082 coram
868 3021 983 3098 judice,
1010 3021 1119 3093 juratis
1151 3037 1181 3080 et
1207 3022 1364 3081 universis
1389 3022 1514 3083 civibus

250 3146 285 3186 ac
311 3146 418 3187 coram
444 3141 509 3188 tota
534 3129 765 3188 communitate
790 3128 926 3187 civitatis
958 3142 1123 3207 prenotate
1149 3129 1178 3186 in
1204 3129 1345 3207 gerterali
1372 3143 1401 3189 et
1426 3149 1513 3190 com·

252 3232 340 3291 muni
367 3235 624 3312 congregacione
650 3253 760 3294 eorum
788 3234 818 3294 in
845 3233 963 3309 judicio
989 3248 1033 3293 est
1059 3234 1232 3305 confessus,
1258 3235 1394 3314 ideoque
1422 3234 1511 3309 jurati

250 3338 386 3398 civitatis
411 3353 576 3419 prenotate
602 3341 705 3421 ipsum
725 3340 926 3421 Dyouisium,
952 3341 1045 3400 lanse
1067 3340 1198 3414 dictum,
1223 3339 1336 3417 furem,
1353 3342 1511 3421 supplicio

248 3458 278 3503 et
303 3465 384 3525 pene
410 3445 544 3525 patibuli
572 3446 781 3506 decreverunt
798 3462 828 3506 et
845 3446 1108 3519 acliudicaverunt
1135 3446 1201 3505 lore
1220 3447 1511 3528 condempnatum

249 3551 303 3630 qui
329 3549 424 3611 hodie
450 3551 535 3629 juxta
560 3572 615 3611 sua
650 3552 803 3612 demerita
837 3552 979 3633 predicta
1005 3566 1050 3613 est
1077 3553 1106 3611 in
1141 3554 1286 3632 patibulo
1319 3555 1402 3613 dicte
1436 3554 1510 3614 civi-

247 3658 319 3719 tatis
342 3678 523 3739 suspensus.
558 3658 622 3730 Qui
651 3659 834 3739 Dvonisius,
867 3660 960 3719 lanse
993 3660 1106 3734 dictus,
1131 3661 1190 3719 sibi
1225 3662 1348 3721 socium
1375 3662 1404 3720 in
1442 3663 1510 3741 ipso

248 3762 331 3824 lurtu
357 3765 529 3844 quemdam
557 3764 754 3846 Stephanum
785 3766 994 3845 presbiterum
1022 3764 1189 3847 (ilavnvch
1220 3768 1340 3826 dictum
1366 3767 1404 3825 de
1431 3767 1508 3824 Wa-

247 3871 375 3931 rasdino
401 3870 500 3931 lassus
525 3886 581 3947 est,
606 3872 662 3951 qui
687 3872 796 3932 omnia
821 3869 979 3932 furticinia
1006 3891 1076 3932 cum
1105 3874 1173 3950 ipso
1199 3872 1402 3951 perpetravit.

308 4108 403 4180 lesia
433 4118 529 4181 sexta
559 4113 713 4198 proxima
742 4119 819 4182 ante
854 4112 974 4181 lestum
1003 4109 1090 4180 beati
1121 4109 1250 4191 Georaii
1281 4108 1444 4179 martiris.

768 4274 832 4336 (ἐρ.
857 4267 984 4337 aprilis).

351 4403 427 4463 ltem
461 4403 623 4464 lohannes
650 4402 960 4485 ll'enthycheychvn
996 4418 1097 4463 sartor
1128 4419 1237 4464 contra
1264 4404 1428 4463 l'rlvanum
1453 4423 1507 4481 ge·

245 4529 356 4570 nerum
382 4529 475 4570 suum
501 4509 532 4569 in
559 4510 663 4589 primo
697 4509 816 4585 iudicio
842 4510 936 4570 debet
969 4529 1154 4588 comparere
1180 4525 1210 4570 et
1242 4509 1377 4583 ‹tbiectis
1400 4510 1506 4569 eidem

245 4615 450 4698 respondere.

348 4738 424 4801 ltem
451 4740 548 4822 Eleas
572 4738 659 4802 lusor
682 4759 921 4822 campanarum,
955 4738 1096 4799 concivis
1121 4751 1237 4809 noster,
1263 4738 1368 4818 primo
1393 4738 1507 4799 citatus

243 4860 353 4908 contra
378 4844 580 4924 Gurkonem,
603 4848 680 4929 (non
705 4848 911 4930 comparuit).
