3488 5272
620 297 706 354 Anno
735 307 824 374 1475.
850 330 891 339 —
915 309 965 371 25.
989 297 1118 358 octobris.

503 514 599 587 Feria
628 526 726 588 sexta
755 525 833 587 ante
862 517 985 588 festum
1014 515 1103 586 beati
1132 515 1227 588 Galli.

753 673 814 747 (13.
839 671 981 747 octobris).

344 809 421 870 Item
447 810 520 889 quia
549 809 716 870 Elizabeth
741 810 937 871 conthoralis
954 810 1102 893 preconis
1119 810 1158 871 de
1179 809 1339 871 territorio
1364 809 1503 870 civitatis

237 914 519 995 Montisgrecensis
544 916 575 976 in
608 915 779 978 manifesto
812 916 970 978 maleficio
999 929 1123 998 reperta
1155 936 1171 976 a
1197 929 1294 994 cerm,
1321 929 1417 998 prout
1441 915 1502 977 hoc

237 1021 431 1083 maleficium
448 1022 599 1084 videlicet
623 1023 710 1104 quod
730 1024 915 1104 inpocinare
938 1023 1042 1084 voluit
1059 1022 1163 1083 virum
1181 1042 1287 1099 suum,
1313 1022 1380 1104 ipsa
1398 1021 1504 1083 Eliza·

238 1128 312 1189 beth
337 1129 473 1190 solamet
496 1130 624 1210 publice
650 1130 746 1190 hodie
772 1149 878 1190 coram
904 1130 1021 1211 judice,
1045 1128 1155 1209 juratis
1172 1148 1208 1189 ac
1233 1142 1298 1191 tota
1322 1128 1502 1189 communi·

236 1247 299 1296 tate
325 1235 356 1295 in
381 1235 524 1316 generali
550 1249 581 1296 et
605 1235 771 1296 communi
796 1236 1050 1316 congregacione
1081 1234 1111 1294 in
1137 1234 1297 1318 supplicio
1322 1253 1357 1295 ac
1381 1233 1503 1313 judicio

238 1355 283 1402 est
300 1339 458 1419 confessa,
476 1341 614 1423 ideoque
634 1340 726 1422 jurati
741 1342 952 1403 decreverunt
970 1342 1071 1422 ipsam
1098 1341 1265 1402 Elizabeth
1283 1340 1503 1402 conthoralem

237 1447 385 1530 preconis
410 1447 569 1529 supplicio
594 1462 624 1509 ct
649 1467 730 1529 pene
752 1448 987 1509 combussionis
1011 1448 1042 1507 in
1068 1447 1141 1508 loco
1158 1446 1329 1507 Zredische
1353 1446 1503 1508 decreve-

239 1566 313 1614 runt
337 1551 404 1613 lore
430 1553 711 1635 condempnatam‚
736 1574 798 1635 que
823 1555 862 1615 ad
881 1552 992 1615 leriam
1018 1553 1149 1614 terciam
1173 1553 1318 1635 proxime
1336 1565 1503 1614 venturam

239 1658 394 1740 (propter)
419 1679 474 1719 sua
500 1660 654 1721 demerita
679 1660 823 1740 predicto
848 1660 879 1720 in
913 1659 986 1720 loco
1012 1657 1192 1737 Zredische,
1226 1658 1298 1719 loco
1323 1658 1503 1719 communi·

241 1765 313 1826 tatis
337 1764 449 1825 talium
476 1765 695 1827 maleficorum
720 1766 815 1827 debet
839 1767 985 1827 comburi
1011 1780 1041 1827 et
1065 1765 1273 1827 concremari.

348 1870 425 1932 Item
463 1872 624 1933 Dorothea
658 1887 758 1933 mater
791 1873 985 1934 conthoralis
1016 1872 1163 1954 preconis
1196 1886 1227 1934 et
1259 1872 1360 1933 Elena
1392 1872 1501 1952 longa,

241 1978 441 2058 Margaretha
468 1979 716 2041 Mithltolenieza
744 1979 784 2041 de
808 1979 968 2041 territorio
1001 1979 1137 2039 civitatis
1163 1977 1444 2059 Montisgrecensis
1468 1977 1499 2037 in

239 2083 409 2145 manifesto
435 2085 594 2146 maleficio
619 2101 742 2167 reperte
766 2107 782 2146 a
815 2101 912 2164 certo,
938 2099 1032 2166 prout
1058 2084 1117 2146 hoc
1149 2083 1343 2145 maleficium
1369 2084 1504 2165 ipsemet

242 2191 309 2250 sole
335 2191 463 2271 publice
489 2192 519 2252 in
546 2192 659 2252 maiori
684 2211 791 2252 coram
810 2191 925 2272 judice,
944 2191 1054 2264 iuratis
1071 2211 1107 2251 ac
1131 2204 1196 2251 tota
1215 2190 1446 2252 communitate
1472 2190 1503 2249 in

240 2298 381 2378 generali
408 2313 438 2358 et
456 2300 619 2360 communi
639 2299 943 2380 congregacionem
963 2298 1082 2377 iudicio
1099 2312 1173 2358 sunt
1190 2296 1345 2375 confesse,
1364 2297 1503 2378 ideoque

239 2403 331 2484 jurati
365 2405 575 2466 decreverunt
608 2407 690 2487 ipsas
714 2406 911 2467 Dorotheam
941 2421 1074 2466 matrem
1111 2403 1331 2486 (conthoralis)
1356 2403 1504 2486 preconis

241 2511 400 2586 moderni,
419 2512 547 2592 longam
567 2512 700 2571 Elenam
719 2526 748 2572 et
767 2511 999 2592 Margaretham
1013 2511 1261 2572 Mithkolenicza
1286 2509 1446 2592 supplicio
1472 2524 1503 2571 et

241 2636 322 2698 pene
347 2618 582 2678 combussionis
615 2618 646 2677 in
679 2617 751 2678 loco
784 2618 953 2679 Zredische
986 2617 1194 2678 decreverunt
1225 2614 1291 2678 lore
1325 2616 1502 2699 condemp-

243 2735 342 2798 natas,
367 2742 446 2802 quas
470 2723 509 2782 ad
536 2721 646 2784 leriam
673 2724 803 2783 terciam
837 2724 981 2804 proxime
1006 2723 1175 2784 affuturam
1209 2724 1274 2784 suis
1298 2742 1334 2784 ac
1359 2723 1502 2804 ipsorum

241 2828 404 2889 demeritis
429 2829 460 2889 in
486 2829 630 2909 predicto
655 2830 728 2890 loco
762 2829 942 2908 Zredische,
975 2831 1047 2891 loco
1081 2830 1192 2890 talium
1218 2829 1438 2892 maleficorum
1463 2830 1503 2890 ad

240 2935 271 2994 id
298 2935 451 3016 deputato
477 2936 594 2996 debent
618 2937 763 2998 comburi
789 2951 818 2997 et
847 2937 1033 2998 decremari.

347 3059 422 3119 ltem
450 3061 524 3140 quia
551 3061 639 3121 lelka
666 3061 891 3139 Milichinicza,
912 3061 1082 3122 Katherina
1109 3061 1195 3122 Beda
1221 3061 1448 3142 cognominata
1474 3073 1505 3120 et

242 3171 349 3246 Agnes
374 3186 504 3226 consors
527 3166 616 3227 l'auli
644 3165 870 3248 Fwdricheycz
888 3187 923 3227 ae
950 3167 1111 3228 Dorothea
1130 3187 1259 3228 consors
1278 3167 1368 3229 Pauli
1386 3166 1504 3229 Cisthi·

241 3285 366 3348 mester,
392 3271 482 3350 jurati
517 3272 732 3351 juramentum
766 3272 999 3352 adjudicarunt,
1033 3273 1120 3353 quod
1153 3294 1247 3355 super
1279 3273 1363 3355 ipsas
1386 3275 1503 3355 obpro·

242 3378 347 3438 briose
373 3392 402 3437 et
429 3378 580 3458 injuriose
607 3377 686 3438 lassa
712 3377 770 3437 fuit
805 3378 971 3438 Elizabeth
1005 3398 1134 3439 consors
1160 3380 1316 3460 preconis,
1343 3380 1430 3460 quod
1457 3379 1504 3439 ul·

241 3485 320 3545 timo
346 3486 515 3562 revocavit,
541 3485 628 3565 quod
655 3486 721 3566 ipse
747 3485 867 3545 nullius
891 3484 1034 3545 malefice
1061 3487 1136 3546 artis
1162 3486 1312 3547 mulieres
1337 3506 1401 3546 non
1419 3500 1504 3564 sunt,

241 3591 383 3671 quelibet
409 3592 546 3672 ipsarum
581 3604 734 3653 sextamet
766 3589 981 3668 juramentum
1016 3593 1046 3651 in
1080 3613 1131 3652 ara
1165 3609 1270 3653 sancte
1297 3593 1409 3654 Crucis
1433 3612 1503 3673 pre-

241 3710 322 3757 stare
348 3711 378 3757 et
403 3698 564 3778 deponere
590 3698 694 3759 debet.

348 3804 424 3864 ltem
452 3804 617 3864 Jalsiezam
642 3804 821 3885 privignam
853 3805 1005 3886 Stephani
1041 3806 1127 3885 longi
1155 3807 1388 3887 prolongatum
1410 3806 1503 3887 jurati

242 3908 280 3969 ad
307 3910 446 3989 primum
472 3910 638 3990 judicium.
664 3912 744 3990 (sto).

475 4148 572 4220 Feria
601 4158 725 4239 quarta
755 4160 830 4239 post
860 4152 980 4223 festum
1010 4154 1106 4222 beate
1135 4151 1264 4222 Vrsule.

754 4306 815 4376 (25.
840 4304 984 4383 octobris).

351 4440 425 4500 ltem
454 4441 619 4502 Elizabeth
645 4443 761 4502 mulier
783 4443 1022 4503 Wolau'ehicze
1045 4459 1174 4525 propter
1198 4466 1286 4505 suam
1313 4446 1438 4526 culpam
1458 4458 1503 4506 est

244 4546 409 4607 licenciata
435 4545 473 4605 de
499 4547 658 4608 territorio
683 4549 818 4609 civitatis
852 4550 985 4610 ulterius
1012 4549 1111 4629 ipsam
1144 4552 1304 4612 civitatem
1331 4571 1388 4631 pro
1414 4572 1501 4612 mora

244 4672 309 4713 non
326 4653 486 4730 habendo,
511 4672 573 4734 que
591 4655 614 4713 si
633 4654 766 4715 ulterius
787 4655 886 4734 ipsam
906 4656 1065 4716 civitatem
1084 4656 1257 4734 intraverit,
1276 4677 1390 4737 penam
1409 4660 1501 4719 mise·

244 4759 378 4821 rabilem
402 4759 655 4842 supradictarum
680 4776 894 4841 consequetur
917 4759 1157 4843 suppliciosam.
