3488 5272
240 350 300 412 292
627 332 716 389 Anna
739 326 834 407 1466.
859 364 901 373 ·-
926 325 976 392 18.
1000 332 1113 404 aprilis.

306 552 399 624 Feria
430 560 526 623 sexta
553 550 703 639 proxima
734 559 809 639 past
837 551 959 621 festam
989 554 1162 621 beatorum
1192 548 1376 639 Thyburcii
1404 560 1438 621 et

675 675 844 745 Valeriani
876 679 1065 746 martirum.

766 824 830 903 (18.
854 827 981 903 aprilis).

344 971 458 1032 Testes
474 990 556 1051 quos
571 969 705 1030 adduxit
718 982 749 1029 et
765 969 912 1049 promisit
930 969 1088 1030 adducere
1103 969 1221 1030 nobilis
1237 968 1367 1031 domina
1379 966 1509 1049 Agatha

240 1092 361 1154 vocata,
386 1075 495 1137 relicta
520 1075 656 1136 condam
683 1074 801 1135 Matbie
821 1074 1045 1156 Kn'noberych
1071 1074 1110 1135 de
1135 1073 1346 1152 Adamowch,
1370 1073 1505 1135 racione

238 1184 454 1265 quorumdam
479 1182 617 1243 duorum
644 1201 802 1262 equorum
827 1179 1024 1241 frenatorum
1048 1196 1079 1241 et
1103 1181 1301 1257 sellatorum,
1325 1199 1408 1261 quos
1430 1200 1508 1263 pre-

238 1290 320 1352 fatus
345 1289 482 1351 condam
508 1288 645 1349 Mathias
670 1302 867 1348 concesserat
893 1288 1027 1348 Nicolao
1052 1286 1226 1366 aurifabro,
1250 1287 1305 1369 qui
1329 1288 1404 1368 equi
1430 1288 1508 1349 esti-

241 1396 317 1457 mati
344 1394 473 1457 fuerunt
497 1414 555 1477 pro
581 1394 692 1474 viginti
718 1406 790 1454 octo
809 1392 888 1469 flor,
914 1412 996 1474 quos
1020 1414 1121 1475 equos
1145 1394 1211 1474 ipsa
1237 1392 1369 1455 domina
1393 1393 1506 1456 relicta

240 1504 339 1586 ipsius
363 1502 499 1564 condam
527 1500 646 1561 blathie
666 1500 889 1582 Kanoberycb
915 1500 1050 1578 dicebat,
1076 1520 1133 1560 nec
1151 1500 1210 1582 ipsi
1227 1499 1365 1561 condam
1382 1498 1506 1561 Mathie

240 1611 294 1672 sed
320 1630 379 1671 nec
404 1608 463 1689 ipsi
496 1608 627 1669 domine
660 1608 784 1687 Agathe
810 1607 918 1667 relicte
950 1627 1014 1667 non
1041 1606 1137 1667 fuisse
1169 1608 1303 1685 solutos,
1326 1621 1357 1668 et
1380 1601 1520 1689 primus'

239 1717 326 1779 testis
344 1728 390 1776 est
408 1714 544 1776 Matltias
562 1714 664 1774 dictus
690 1714 781 1773 llalsa
800 1714 838 1773 de
857 1713 1055 1789 lazeooucz,
1072 1714 1128 1793 qui
1154 1711 1254 1774 fassus
1270 1728 1316 1773 est
1334 1732 1373 1774 eo
1390 1711 1504 1791 mod0,

238 1822 325 1903 quod
352 1822 394 1882 ibi
429 1819 487 1881 fuit
519 1820 729 1902 personaliter
762 1820 793 1879 in
827 1819 925 1879 domo
958 1820 1056 1900 ipsius
1081 1818 1212 1880 domine
1244 1819 1298 1881 ubi
1336 1819 1503 1880 invenerat

241 1930 344 2010 ipsum
371 1927 541 1988 Nicolaum
567 1924 775 2002 aurifabrum,
808 1926 861 2005 qui
896 1926 1049 1986 Nicolaus
1073 1926 1194 1986 ibidem
1225 1925 1352 1987 dicebat
1375 1944 1408 1987 se
1433 1944 1503 1987 esse

241 2034 419 2095 debitorem
452 2033 579 2093 racione
613 2032 755 2112 ipsorum
788 2031 925 2091 duorum
959 2050 1116 2111 equorum
1149 2046 1180 2092 et
1211 2032 1299 2114 quod
1331 2050 1397 2093 non
1430 2031 1506 2114 plus

241 2140 328 2201 dedit
353 2140 456 2200 eidem
483 2140 613 2199 domine
646 2139 711 2219 ipse
736 2139 889 2198 Nicolaus
921 2137 1080 2198 aurifaber
1112 2138 1171 2198 nisi
1198 2158 1298 2199 unum
1324 2137 1393 2200 flor.
1418 2139 1506 2217 auri,

240 2260 269 2307 et
295 2245 354 2305 hoc
373 2266 437 2306 non
455 2246 494 2305 ad
512 2244 712 2305 solucionem
739 2244 880 2324 ipsorum
899 2244 1036 2303 duorum
1063 2264 1233 2324 equorum,
1250 2245 1306 2305 sed
1323 2245 1396 2305 ideo
1413 2244 1504 2325 quod

240 2353 306 2434 ipsa
330 2372 443 2413 sanum
462 2352 542 2412 redit
567 2351 706 2411 eundem
724 2350 906 2427 Nicolaum,
932 2350 985 2409 ubi
1005 2351 1103 2410 eciam
1123 2350 1249 2412 dicebat
1266 2351 1331 2432 ipse
1349 2350 1504 2411 Nicolaus

240 2457 399 2519 aurifaber
430 2457 516 2537 quod
551 2458 589 2517 ad
623 2476 752 2537 presens
785 2476 848 2515 non
882 2456 1012 2517 baberet
1045 2456 1129 2537 apud
1164 2476 1197 2517 se
1230 2456 1410 2539 peccunias,
1445 2456 1503 2517 sed

238 2583 309 2625 ecce
335 2564 420 2624 vadit
448 2562 570 2623 budam
596 2562 649 2623 ubi
676 2562 769 2622 babet
795 2563 974 2643 peccunias,
999 2575 1029 2622 et
1054 2582 1125 2622 cum
1145 2563 1182 2623 ad
1208 2563 1336 2645 propria
1361 2561 1503 2641 redierit,

240 2669 352 2732 libenti
371 2670 480 2729 animo
498 2670 593 2729 vellet
611 2668 714 2728 eidem
741 2666 921 2729 satisfacere
939 2669 1013 2749 quia
1037 2669 1102 2749 ipse
1121 2668 1257 2729 Mathias
1275 2666 1503 2751 Kwnoberyclr

241 2774 345 2836 eidem
372 2774 507 2835 Nicolao
533 2775 752 2836 benefecisset.

346 2881 423 2942 ltem
448 2881 607 2942 secundus
632 2882 719 2941 testis
745 2893 790 2940 est
815 2881 911 2940 ilntol
937 2880 1123 2961 laboreych
1149 2880 1188 2942 de
1214 2879 1422 2959 Adamowcz,
1446 2882 1503 2961 qui

240 2991 271 3049 in
298 2989 381 3050 facto
414 2990 570 3049 dictorum
598 2989 735 3048 duorum
770 3007 926 3067 equorum
961 2986 1061 3047 fassus
1087 3000 1132 3047 est
1163 2987 1310 3048 similiter
1331 2987 1411 3048 sicut
1436 2987 1504 3069 ipse

239 3096 361 3178 primus
385 3095 481 3157 testis.

343 3200 419 3261 ltem
445 3202 562 3261 tercius
586 3200 673 3261 testis
706 3214 751 3260 est
781 3199 956 3279 Gregorius
988 3199 1026 3259 de
1052 3199 1168 3281 llyncz,
1194 3198 1248 3278 qui
1275 3196 1375 3259 fassus
1399 3212 1446 3259 est
1471 3212 1503 3260 et

240 3305 309 3385 fuit,
342 3308 430 3387 quod
457 3308 498 3367 ibi
532 3307 742 3389 personaliter
774 3303 833 3367 fuit
865 3307 896 3366 in
927 3306 1025 3366 domo
1058 3305 1200 3365 eiusdem
1237 3304 1367 3366 domine
1392 3305 1502 3366 relicte

239 3414 376 3473 condam
403 3414 522 3475 blatlrie
543 3413 780 3495 Kanoberych,
806 3413 859 3472 ubi
887 3414 950 3493 ipse
969 3412 1121 3472 Nicolaus
1138 3409 1296 3472 aurifaber
1314 3410 1504 3474 reddidisset

238 3540 270 3581 se
296 3521 475 3581 debitorem
501 3540 558 3601 pro
585 3521 660 3602 ipsis
685 3521 812 3580 duobus
837 3520 938 3600 equis,
956 3534 1051 3599 prout
1077 3518 1149 3577 fassi
1176 3518 1304 3579 fuerunt
1330 3519 1388 3599 ipsi
1407 3517 1502 3599 primi

238 3625 304 3688 duo
329 3641 442 3701 testes;
468 3644 497 3687 et
522 3627 597 3707 quia
623 3625 721 3686 modo
748 3640 877 3707 propter
910 3625 1068 3685 ttundinas
1094 3644 1150 3684 seu
1176 3624 1281 3685 forum
1306 3624 1445 3685 annuale
1471 3624 1502 3684 in

239 3731 320 3794 festo
346 3734 429 3793 beati
457 3733 553 3793 blarci
573 3733 779 3811 ewangeliste
798 3752 862 3792 nint
888 3732 991 3812 potuit
1018 3730 1083 3792 fieri
1110 3730 1263 3810 judicium
1291 3730 1364 3791 ideo
1383 3731 1503 3791 eisdem

238 3842 394 3901 ambabus
411 3840 553 3921 partibus
571 3838 663 3899 datus
688 3853 732 3899 est
758 3838 913 3899 terminus
937 3836 1014 3898 feria
1032 3852 1117 3897 serta
1136 3837 1279 3918 proxima
1298 3851 1368 3918 post
1386 3836 1502 3899 festum

239 3945 464 4007 l'entbecostes
488 3944 694 4025 comparendi
721 3957 751 4005 et
776 3945 990 4025 respondendi
1017 3964 1127 4004 eoram
1153 3944 1256 4004 nobis.

346 4053 422 4113 ltem
447 4071 575 4113 causam
603 4052 683 4112 inter
700 4052 902 4113 Clementem
926 4051 1115 4129 llungasum
1141 4051 1332 4111 modernum
1362 4049 1501 4130 juratum

240 4174 270 4220 et
294 4160 460 4220 concivem
487 4173 642 4235 nostrum,
668 4172 698 4218 et
731 4160 811 4217 inter
836 4157 1000 4239 bfrbowyl
1032 4158 1191 4239 lapranyn
1219 4157 1351 4233 dictum,
1375 4158 1502 4218 racione

240 4266 406 4327 cuiusdam
429 4264 513 4342 facti,
540 4265 626 4345 quod
646 4264 712 4343 ipse
733 4264 897 4345 bfyhowyl
915 4278 1024 4325 contra
1044 4264 1146 4343 ipsum
1165 4264 1366 4324 Clementem
1386 4283 1502 4346 propo·

240 4372 346 4447 nebat,
372 4385 401 4431 et
426 4371 518 4431 datus
544 4369 602 4429 fuit
621 4370 696 4450 ipsis
713 4370 869 4429 ambabus
893 4370 1035 4451 partibus
1053 4370 1208 4431 terminus
1226 4385 1258 4431 ut
1285 4370 1342 4452 ipsi
1370 4369 1501 4431 infacto

240 4478 321 4539 inter
346 4478 432 4558 ipsos
456 4476 578 4551 habito,
601 4490 655 4537 aut
679 4490 773 4536 testes
790 4490 845 4535 aut
869 4476 975 4535 literas
992 4476 1224 4537 testimoniales
1248 4478 1376 4538 racione
1403 4477 1502 4557 ipsius

239 4582 324 4663 facti,
354 4584 442 4665 quod
476 4584 542 4664 ipse
575 4582 753 4665 Mybotsvl,
786 4582 936 4643 videlicet
968 4582 1056 4664 quod
1094 4583 1159 4665 ipse
1193 4585 1301 4644 omnia
1327 4585 1412 4643 bona
1445 4604 1502 4645 sua

239 4690 395 4752 amisisset
419 4690 587 4752 occasione
612 4703 642 4750 et
667 4702 812 4770 pretextu
838 4688 936 4771 ipsius
961 4690 1157 4765 Clementis,
1181 4704 1211 4751 et
1235 4690 1310 4771 quia
1336 4690 1402 4771 ipse
1427 4689 1501 4751 Cle·

239 4816 331 4861 tnens
354 4797 534 4883 apportavit
556 4810 620 4861 tres
644 4797 751 4862 literas
774 4798 1014 4883 expurgatorias
1042 4796 1130 4881 quod
1155 4796 1222 4881 ipse
1249 4798 1307 4882 ipsi
1334 4796 1502 4883 Myhowyl
